,2011-09-30,2012-03-31,2013-03-31,2013-09-30,2014-03-31,2014-09-30,2015-03-31,2015-06-30,2015-09-30,2015-12-31,2016-03-31,2016-06-30,2016-09-30,2016-12-31
AmortizationOfDebtDiscountPremium,,,391000.000,,91000.000,,,,,,,,,
AmortizationOfDeferredCharges,,,360000.000,,,,,,,,,,,
CashAndCashEquivalentsPeriodIncreaseDecrease,,-3937000.000,-451000.000,,-711000.000,,128000.000,,,,191000.000,,,
ComprehensiveIncomeNetOfTax,,-4008000.000,-2655000.000,-2405000.000,-3437000.000,-3414000.000,-3049000.000,-3464000.000,-2748000.000,-5179000.000,-2320000.000,-2330000.000,-2240000.000,-16128000.000
ComprehensiveIncomeNetOfTaxAttributableToNoncontrollingInterest,,-1165000.000,-1054000.000,-748000.000,-1692000.000,-1392000.000,-1581000.000,-1930000.000,-1096000.000,-1177000.000,-1140000.000,-891000.000,-1050000.000,-6990000.000
ComprehensiveIncomeNetOfTaxIncludingPortionAttributableToNoncontrollingInterest,,-5173000.000,-3709000.000,-3153000.000,-5129000.000,-4806000.000,-4630000.000,-5394000.000,-3844000.000,-6356000.000,-3460000.000,-3221000.000,-3290000.000,-23118000.000
CostOfGoodsSold,11951000.000,11479000.000,13615000.000,9316000.000,7792000.000,5840000.000,8874000.000,5627000.000,7348000.000,8873000.000,3316000.000,3695000.000,3665000.000,1225000.000
CumulativeTranslationAdjustmentNetOfTaxPeriodIncreaseDecrease,,,4000.000,,,,,,,,,,,
CurrentFederalTaxExpenseBenefit,,,,5000.000,,,,,,,,,,
CurrentIncomeTaxExpenseBenefit,,,,5000.000,,,,,,,,,,
DebtInstrumentInterestRateDuringPeriod,,,,,,,,0.066,,,,,,
DebtInstrumentInterestRateStatedPercentageRateRangeMaximum,,,,,0.089,,,,,,,,,
DebtInstrumentInterestRateStatedPercentageRateRangeMinimum,,,,,0.056,,,,,,,,,
DeferredForeignIncomeTaxExpenseBenefit,,,-13000.000,-13000.000,,,,,,,,,,
DeferredIncomeTaxExpenseBenefit,,,-13000.000,-13000.000,,,,,,,,,,
DeferredIncomeTaxesAndTaxCredits,,-38000.000,-13000.000,,304000.000,,,,,,,,,
DepreciationDepletionAndAmortization,,1799000.000,1605000.000,2046000.000,2079000.000,2100000.000,2092000.000,2106000.000,2016000.000,1995000.000,1922000.000,1955000.000,1948000.000,1919000.000
EarningsPerShareBasicAndDiluted,-0.040,-0.010,-0.010,-0.010,-0.010,-0.010,-0.010,-0.010,-0.010,0.000,0.000,-0.000,-0.000,-0.040
EffectOfExchangeRateOnCashAndCashEquivalents,,-20000.000,-103000.000,,-7000.000,,3000.000,,,,-24000.000,,,
EffectiveIncomeTaxRateReconciliationAtFederalStatutoryIncomeTaxRate,,,,0.350,,,,,,,,,,
GainLossOnDispositionOfAssets,,,,,,,7000.000,,,,,,,
GainLossOnSaleOfEquityInvestments,,,-485000.000,,,,,,,,,,,
GeneralAndAdministrativeExpense,3562000.000,2491000.000,1976000.000,1849000.000,2064000.000,1448000.000,1879000.000,2770000.000,2301000.000,3825000.000,2261000.000,1584000.000,2161000.000,2209000.000
GrossProfit,2137000.000,702000.000,750000.000,613000.000,-971000.000,-620000.000,-512000.000,-271000.000,-194000.000,-285000.000,66000.000,-724000.000,-379000.000,-89000.000
ImpairmentOfLongLivedAssetsHeldForUse,,,0.000,,,,,,,,,,,
IncomeLossFromContinuingOperationsBeforeIncomeTaxesExtraordinaryItemsNoncontrollingInterest,,,-3928000.000,-3354000.000,-4707000.000,-4802000.000,-4676000.000,-5477000.000,-3714000.000,-6188000.000,-3389000.000,-3377000.000,-3317000.000,-23938000.000
IncomeLossFromContinuingOperationsBeforeIncomeTaxesMinorityInterestAndIncomeLossFromEquityMethodInvestments,-9883000.000,-4550000.000,,,,,,,,,,,,
IncomeLossFromEquityMethodInvestments,-64000.000,-119000.000,-485000.000,-82000.000,,,,,,,,,,
IncomeLossIncludingPortionAttributableToNoncontrollingInterest,,,,-3346000.000,,,,,,,,,,
IncomeTaxExpenseBenefit,5000.000,-38000.000,-13000.000,-8000.000,304000.000,1000.000,,,,,,,,
IncreaseDecreaseInAccountsPayable,,299000.000,-764000.000,,-2666000.000,,-828000.000,,,,-116000.000,,,
IncreaseDecreaseInAccountsReceivable,,-34000.000,617000.000,,-282000.000,,152000.000,,,,-279000.000,,,
IncreaseDecreaseInAccruedIncomeTaxesPayable,,,,,-901000.000,,360000.000,,,,-350000.000,,,
IncreaseDecreaseInAccruedLiabilities,,-876000.000,-385000.000,,-52000.000,,62000.000,,,,-103000.000,,,
IncreaseDecreaseInAccruedTaxesPayable,,-245000.000,320000.000,,,,,,,,,,,
IncreaseDecreaseInCustomerAdvances,,2625000.000,-1758000.000,,-550000.000,,2310000.000,,,,-768000.000,,,
IncreaseDecreaseInDueFromRelatedPartiesCurrent,,1284000.000,518000.000,,-2887000.000,,70000.000,,,,,,,
IncreaseDecreaseInDueToRelatedPartiesCurrent,,,,,2451000.000,,2382000.000,,,,1607000.000,,,
IncreaseDecreaseInInventories,,357000.000,-1673000.000,,-73000.000,,-975000.000,,,,-700000.000,,,
IncreaseDecreaseInNotesReceivableCurrent,,-729000.000,-919000.000,,-185000.000,,-81000.000,,,,,,,
IncreaseDecreaseInOtherAccountsPayable,,,,,-154000.000,,-421000.000,,,,14000.000,,,
IncreaseDecreaseInOtherAccountsPayableAndAccruedLiabilities,,-363000.000,-912000.000,,,,,,,,,,,
IncreaseDecreaseInPrepaidDeferredExpenseAndOtherAssets,,723000.000,1582000.000,,-177000.000,,486000.000,,,,-151000.000,,,
InterestExpense,4904000.000,486000.000,822000.000,955000.000,876000.000,1124000.000,761000.000,674000.000,646000.000,383000.000,554000.000,669000.000,625000.000,694000.000
InterestPaid,,264000.000,197000.000,,314000.000,,345000.000,,,,315000.000,,,
InventoryLIFOReserveEffectOnIncomeNet,,95000.000,,,,,,,,,,,,
InventoryWriteDown,,,-74000.000,,-32000.000,,87000.000,,,,,,,
LineOfCreditFacilityInterestRateDuringPeriod,,,,0.080,,,,,,,,,,
LitigationSettlementAmount,,,,,,,779500.000,,,,779500.000,,,
LossContingencyDamagesSoughtValue,,,17350000.000,,,,1233327.000,,,,1233327.000,,,
NetCashProvidedByUsedInFinancingActivities,,-1395000.000,4693000.000,,577000.000,,-1587000.000,,,,-25000.000,,,
NetCashProvidedByUsedInFinancingActivitiesContinuingOperations,,-1395000.000,4693000.000,,577000.000,,-1587000.000,,,,-25000.000,,,
NetCashProvidedByUsedInInvestingActivities,,-597000.000,-335000.000,,-480000.000,,-22000.000,,,,-104000.000,,,
NetCashProvidedByUsedInInvestingActivitiesContinuingOperations,,-597000.000,-335000.000,,-480000.000,,-22000.000,,,,-104000.000,,,
NetCashProvidedByUsedInOperatingActivities,,-1925000.000,-4706000.000,,-801000.000,,1734000.000,,,,344000.000,,,
NetCashProvidedByUsedInOperatingActivitiesContinuingOperations,,-1925000.000,-4706000.000,,-801000.000,,1734000.000,,,,344000.000,,,
NetIncomeLoss,-8862000.000,-3439000.000,-2760000.000,-2503000.000,-3377000.000,-3413000.000,-3073000.000,-3547000.000,-2659000.000,-4865000.000,-2295000.000,-2308000.000,-2247000.000,-16632000.000
NetIncomeLossAttributableToNoncontrollingInterest,-1026000.000,-1073000.000,-1155000.000,-843000.000,-1634000.000,-1390000.000,-1603000.000,-1930000.000,-1055000.000,-1323000.000,-1094000.000,-1069000.000,-1070000.000,-7306000.000
NonoperatingIncomeExpense,,,-1119000.000,-774000.000,-752000.000,-912000.000,-680000.000,-476000.000,-272000.000,-706000.000,-490000.000,-558000.000,-243000.000,-711000.000
OperatingCostsAndExpenses,7273000.000,4882000.000,3559000.000,3193000.000,2984000.000,3270000.000,3484000.000,4730000.000,3248000.000,5197000.000,2965000.000,2095000.000,2695000.000,23138000.000
OperatingExpenses,4747000.000,370000.000,,,,,,,,,,,,
OperatingIncomeLoss,-5136000.000,-4180000.000,-2809000.000,-2580000.000,-3955000.000,-3890000.000,-3996000.000,-5001000.000,-3442000.000,-5482000.000,-2899000.000,-2819000.000,-3074000.000,-23227000.000
OtherComprehensiveIncomeForeignCurrencyTransactionAndTranslationAdjustmentNetOfTaxPeriodIncreaseDecrease,,-187000.000,,,,,,,,,,,,
OtherComprehensiveIncomeLossForeignCurrencyTransactionAndTranslationAdjustmentNetOfTax,,,206000.000,193000.000,-118000.000,-3000.000,46000.000,83000.000,-130000.000,-168000.000,-71000.000,156000.000,27000.000,820000.000
OtherComprehensiveIncomeLossNetOfTax,,,206000.000,193000.000,-118000.000,,,,,,,,,
OtherComprehensiveIncomeUnrealizedHoldingGainLossOnSecuritiesArisingDuringPeriodNetOfTax,,-474000.000,,,,,,,,,,,,
OtherDepreciationAndAmortization,,,,,,,,,,,361000.000,,,
OtherNonoperatingIncomeExpense,221000.000,235000.000,188000.000,263000.000,124000.000,212000.000,81000.000,198000.000,374000.000,-323000.000,64000.000,111000.000,382000.000,-17000.000
PaymentsToAcquirePropertyPlantAndEquipment,,597000.000,335000.000,,480000.000,,33000.000,,,,141000.000,,,
ProceedsFromNotesPayable,,670000.000,13316000.000,,6643000.000,,6189000.000,,,,3601000.000,,,
ProceedsFromRepaymentsOfRestrictedCashFinancingActivities,,266000.000,-4197000.000,,2910000.000,,64000.000,,,,-2495000.000,,,
ProceedsFromSaleOfEquityMethodInvestments,,,,,1500000.000,,,,,,,,,
ProceedsFromSaleOfMachineryAndEquipment,,,,,,,11000.000,,,,37000.000,,,
ProceedsFromShortTermDebt,,522000.000,5558000.000,,2109000.000,,814000.000,,,,520000.000,,,
ProfitLoss,-9888000.000,-4512000.000,-3915000.000,-3346000.000,-5011000.000,-4803000.000,-4676000.000,-5477000.000,-3714000.000,-6188000.000,-3389000.000,-3377000.000,-3317000.000,-23938000.000
ProvisionForDoubtfulAccounts,,-3000.000,-6000.000,,2000.000,,6000.000,,,,417000.000,,,
RepaymentsOfConvertibleDebt,,,,,,,100000.000,,,,,,,
RepaymentsOfNotesPayable,,,9167000.000,,9748000.000,,6595000.000,,,,856000.000,,,
RepaymentsOfShortTermDebt,,852000.000,817000.000,,2837000.000,,1959000.000,,,,795000.000,,,
ResearchAndDevelopmentExpense,1009000.000,279000.000,150000.000,120000.000,186000.000,119000.000,613000.000,1070000.000,38000.000,-242000.000,119000.000,49000.000,84000.000,134000.000
Revenues,14088000.000,12181000.000,14365000.000,9929000.000,6821000.000,5220000.000,8362000.000,5356000.000,7154000.000,8588000.000,3382000.000,2971000.000,3286000.000,1136000.000
SalesRevenueNet,14088000.000,12181000.000,14365000.000,9929000.000,6821000.000,5220000.000,8362000.000,5356000.000,7154000.000,8588000.000,3382000.000,2971000.000,3286000.000,1136000.000
SellingAndMarketingExpense,2702000.000,2112000.000,1433000.000,1224000.000,734000.000,1703000.000,992000.000,890000.000,909000.000,532000.000,585000.000,462000.000,450000.000,428000.000
ShareBasedCompensation,,671000.000,85000.000,,34000.000,,19000.000,,,,18000.000,18000.000,18000.000,19000.000
StockIssuedDuringPeriodValueNewIssues,,,,,1500000.000,,,,,,,,,
StockRepurchasedAndRetiredDuringPeriodShares,,,,,,,1182558.000,,,,,,,
StockRepurchasedAndRetiredDuringPeriodValue,,,,,,,100000.000,,,,,,,
ValuationAllowanceDeferredTaxAssetChangeInAmount,,,,13000000.000,,,,,,,,,,
WeightedAverageNumberOfShareOutstandingBasicAndDiluted,,,302518000.000,302518.000,302518000.000,412700000.000,460673.000,460213.000,496392.000,-914618.000,578465.000,578465.000,595658.000,-1162915.000
