,2011-03-31,2011-09-30,2011-12-31,2012-03-31,2012-06-30,2012-09-30,2012-12-31,2013-03-31,2013-06-30,2013-09-30,2013-12-31,2014-03-31,2014-06-30,2014-09-30,2014-12-31,2015-03-31,2015-06-30,2015-09-30,2015-12-31,2016-03-31,2016-06-30,2016-09-30,2016-12-31,2017-03-31
AllocatedShareBasedCompensationExpense,,3165000.000,,,,4207000.000,,4591000.000,,5032000.000,5535000.000,6225000.000,6029000.000,6331000.000,,,,7588000.000,,,,8199000.000,,
AmortizationOfDebtDiscountPremium,,,,,,,486000.000,2399000.000,,2486000.000,2530000.000,2575000.000,2622000.000,2669000.000,2716000.000,2765000.000,2815000.000,2865000.000,,,,3076000.000,,
AmortizationOfFinancingCosts,,,,,,,,,,296000.000,296000.000,296000.000,296000.000,296000.000,296000.000,296000.000,296000.000,296000.000,,,,296000.000,,
AmortizationOfIntangibleAssets,2786000.000,3884000.000,3433000.000,3734000.000,4702000.000,4312000.000,5201000.000,5162000.000,4874000.000,5705000.000,8174000.000,4784000.000,7579000.000,7184000.000,7000000.000,8002000.000,8197000.000,7279000.000,7215000.000,7226000.000,7258000.000,6285000.000,6090000.000,6006000.000
AntidilutiveSecuritiesExcludedFromComputationOfEarningsPerShareAmount,,,,,,,,,,2900000.000,2600000.000,2400000.000,-5300000.000,2400000.000,2700000.000,3300000.000,-5500000.000,3100000.000,3200000.000,3000000.000,-6200000.000,3300000.000,3000000.000,2700000.000
AssetImpairmentCharges,,,,,,,,,,,,,,,,,,17000.000,,,,,,
AvailableForSaleSecuritiesContinuousUnrealizedLossPositionLessThan12MonthsAggregateLosses,,,,,,,,,,3000.000,,,,16000.000,,,,,,,,,,
BusinessAcquisitionProFormaEarningsPerShareBasic,,,,,,,,,,-0.260,,,,,,,,,,,,,,
BusinessAcquisitionProFormaEarningsPerShareDiluted,,,,,,,,,,-0.260,,,,,,,,,,,,,,
BusinessAcquisitionsProFormaNetIncomeLoss,,,,,,,,,,-9466000.000,-7265000.000,-4310000.000,-1481000.000,,,,,,,,,,,
BusinessAcquisitionsProFormaRevenue,,,,,,,,,,69021000.000,73405000.000,78252000.000,81680000.000,,,,,,,,,,,
BusinessCombinationConsiderationTransferred1,,,,,,,,,,126384000.000,,,,,,,,,,,,,,
CashAndCashEquivalentsPeriodIncreaseDecrease,,12855000.000,,,,-17728000.000,,,,-109964000.000,,,,3905000.000,,,,-17026000.000,,,,1532000.000,,
ComprehensiveIncomeNetOfTax,,,,,,2411000.000,-6093000.000,-10579000.000,-4030000.000,3875000.000,-3428000.000,-2859000.000,584000.000,-17137000.000,-10144000.000,-10960000.000,-16766000.000,-10714000.000,-9195000.000,-2448000.000,-21448000.000,-11607000.000,-18187000.000,-3971000.000
CostOfGoodsAndServicesSold,1665000.000,1571000.000,1565000.000,1514000.000,1630000.000,1522000.000,1540000.000,1383000.000,1553000.000,,,,,,,,,,,,,,,
CostOfRevenue,23193000.000,23251000.000,24548000.000,26189000.000,27897000.000,28496000.000,30707000.000,30267000.000,29816000.000,29455000.000,32404000.000,33591000.000,35218000.000,34313000.000,34113000.000,34913000.000,36102000.000,35335000.000,36107000.000,37219000.000,38439000.000,38177000.000,39572000.000,39574000.000
DebtInstrumentConvertibleEffectiveInterestRate,,,,,,,0.067,0.072,,,,,,,,,,,,,,,,
DebtInstrumentConvertibleInterestExpense,,,,,,,692000.000,3408000.000,,,,,,,,,,,,,,,,
DebtInstrumentInterestRateDuringPeriod,,,,,,,,,,,0.068,0.069,,,0.072,0.073,,,,,,,,
DeferredIncomeTaxExpenseBenefit,,-269000.000,,,,-1105000.000,,,,-544000.000,,,,-1241000.000,,,,-822000.000,,,,-548000.000,,
DefinedBenefitPlanAdministrationExpenses,,,,,,,,,,200000.000,,,,,,,,,,,,,,
DefinedBenefitPlanExpectedReturnOnPlanAssets,,,,,,,,,,,201000.000,225000.000,,,,,,,,,,,,
DefinedBenefitPlanInterestCost,,,,,,,,,,,155000.000,174000.000,,,,,,,,,,,,
DefinedBenefitPlanNetPeriodicBenefitCost,,,,,,,,,,,521000.000,584000.000,,,,,,,,,,,,
DefinedBenefitPlanServiceCost,,,,,,,,,,,567000.000,635000.000,,,,,,,,,,,,
DepreciationDepletionAndAmortization,,1374000.000,,,,1713000.000,1728000.000,1752000.000,1668000.000,1832000.000,2106000.000,2010000.000,2302000.000,2509000.000,2508000.000,2714000.000,2776000.000,3077000.000,3248000.000,3464000.000,3700000.000,4087000.000,4154000.000,4684000.000
DerivativeGainLossOnDerivativeNet,,,,,,,,482000.000,,,,,,,,,,,,,,,,
EarningsPerShareBasic,0.030,0.050,0.070,-0.040,-0.030,0.000,-0.200,-0.100,-0.110,-0.170,,,,,,,,,,,,,,
EarningsPerShareBasicAndDiluted,,,,,,,,,,,-0.200,-0.120,,-0.090,-0.050,-0.210,-0.570,-0.110,-0.140,-0.110,-0.160,-0.280,-0.270,-0.170
EarningsPerShareDiluted,0.030,0.050,0.070,-0.040,-0.030,0.000,-0.200,-0.100,-0.110,-0.170,,,,,,,,,,,,,,
EffectOfExchangeRateOnCashAndCashEquivalents,,-1117000.000,,,,1524000.000,,,,5148000.000,,,,-4430000.000,,,,-1230000.000,,,,-557000.000,,
ExcessTaxBenefitFromShareBasedCompensationFinancingActivities,,1131000.000,,,,82000.000,,,,116000.000,,,,51000.000,,,,27000.000,,,,40000.000,,
ExcessTaxBenefitFromShareBasedCompensationOperatingActivities,,1131000.000,,,,82000.000,,,,116000.000,,,,51000.000,,,,27000.000,,,,40000.000,,
ForeignCurrencyTransactionGainLossUnrealized,,-123000.000,,,,-12000.000,,,,35000.000,,,,-11000.000,,,,-130000.000,,,,192000.000,,
GainLossOnDerivativeInstrumentsNetPretax,,,,,,,-4917000.000,482000.000,,,,,,,,,,,,,,,,
GainLossOnDispositionOfAssets,,,,,,,,,,-1000.000,,,,,,,,,,,,,,
GainLossOnDispositionOfProperty,,,,,,-2000.000,,,,,,,,,,,,,,,,,,
GeneralAndAdministrativeExpense,5127000.000,4933000.000,4912000.000,5660000.000,5990000.000,6561000.000,6467000.000,6554000.000,7494000.000,8486000.000,8124000.000,8718000.000,8393000.000,8277000.000,8803000.000,8882000.000,8530000.000,8823000.000,9422000.000,9790000.000,11289000.000,12704000.000,11772000.000,10863000.000
GoodwillForeignCurrencyTranslationGainLoss,,,,,,,,,,,,,,,,,,,,,,-539000.000,,
GoodwillImpairmentLoss,,,,,,,,,,,,,,,,,,,,,,,7529000.000,
GrossProfit,25618000.000,29225000.000,30546000.000,29127000.000,33501000.000,33193000.000,32902000.000,34177000.000,35216000.000,37794000.000,41001000.000,44661000.000,46461000.000,47030000.000,48112000.000,47038000.000,49268000.000,47546000.000,49941000.000,49014000.000,49673000.000,44907000.000,47156000.000,46525000.000
IncomeLossFromContinuingOperationsBeforeIncomeTaxesExtraordinaryItemsNoncontrollingInterest,,,,,,,,,,,,,,,,,,-3642000.000,-4597000.000,-4237000.000,-6387000.000,-9827000.000,-14824000.000,-6856000.000
IncomeLossFromContinuingOperationsBeforeIncomeTaxesMinorityInterestAndIncomeLossFromEquityMethodInvestments,1231000.000,3121000.000,4867000.000,4000.000,-691000.000,-128000.000,-8314000.000,-4860000.000,-4991000.000,-5086000.000,-5983000.000,-2532000.000,-3421000.000,-2961000.000,-1853000.000,-7410000.000,,,,,,,,
IncomeTaxExpenseBenefit,136000.000,1380000.000,2403000.000,1336000.000,477000.000,-146000.000,-1274000.000,-1301000.000,-1177000.000,962000.000,1282000.000,1778000.000,-1940000.000,307000.000,109000.000,420000.000,17528000.000,611000.000,642000.000,-7000.000,-461000.000,681000.000,-4478000.000,-232000.000
IncomeTaxReconciliationChangeInDeferredTaxAssetsValuationAllowance,,,,,,100000.000,,,,,,,,,,,,,,,,,,
IncomeTaxReconciliationChangeInEnactedTaxRate,,,,,,,,,,600000.000,,,,,,,,,-200000.000,,,,,
IncreaseDecreaseInAccountsPayableTrade,,-876000.000,,,,-295000.000,,,,775000.000,,,,-3950000.000,,,,-592000.000,,,,-973000.000,,
IncreaseDecreaseInAccountsReceivable,,-2233000.000,,,,-1770000.000,,,,-2903000.000,,,,-6894000.000,,,,-3390000.000,,,,-8838000.000,,
IncreaseDecreaseInAccruedLiabilities,,-2717000.000,,,,-2035000.000,,,,-1847000.000,,,,1399000.000,,,,-1026000.000,,,,617000.000,,
IncreaseDecreaseInDeferredRevenue,,-2513000.000,,,,1422000.000,,,,-1639000.000,,,,-6496000.000,,,,-5625000.000,,,,-10253000.000,,
IncreaseDecreaseInInventories,,-6000.000,,,,-40000.000,,,,-748000.000,,,,,,,,,,,,,,
IncreaseDecreaseInOtherOperatingAssets,,-154000.000,,,,-122000.000,,,,342000.000,,,,-17000.000,,,,1123000.000,,,,-127000.000,,
IncreaseDecreaseInOtherOperatingLiabilities,,-10000.000,,,,72000.000,,,,369000.000,,,,375000.000,,,,-340000.000,,,,447000.000,,
IncreaseDecreaseInPrepaidDeferredExpenseAndOtherAssets,,-174000.000,,,,208000.000,,,,1181000.000,,,,-2020000.000,,,,137000.000,,,,1052000.000,,
IncrementalCommonSharesAttributableToShareBasedPaymentArrangements,,,,,,717000.000,,,,,,,,,,,,,,,,,,
InterestExpenseDebt,,,,,,,,,,3494000.000,3537000.000,3583000.000,3629000.000,3677000.000,3723000.000,3773000.000,,,,,,,,
InterestExpenseDebtExcludingAmortization,,,,,,,145000.000,712000.000,,712000.000,711000.000,712000.000,711000.000,712000.000,711000.000,712000.000,,,,,,,,
InventoryWriteDown,,,,,,-1000.000,,,,7000.000,,,,,,,,,,,,,,
InvestmentIncomeAmortizationOfPremium,,,,,,,,,,,,,,,,,,68000.000,,,,91000.000,,
LicenseCosts,444000.000,435000.000,529000.000,656000.000,462000.000,409000.000,617000.000,952000.000,421000.000,366000.000,392000.000,505000.000,339000.000,395000.000,372000.000,371000.000,445000.000,288000.000,288000.000,165000.000,289000.000,128000.000,196000.000,265000.000
LicensesRevenue,,,,,,,,7048000.000,,4738000.000,5463000.000,5543000.000,5025000.000,5658000.000,5423000.000,5074000.000,5752000.000,4115000.000,5862000.000,5777000.000,5072000.000,2121000.000,3492000.000,2735000.000
NetCashProvidedByUsedInFinancingActivities,,11046000.000,,,,744000.000,,,,1712000.000,,,,1358000.000,,,,-19892000.000,,,,-2380000.000,,
NetCashProvidedByUsedInFinancingActivitiesContinuingOperations,,11046000.000,,,,744000.000,,,,1712000.000,,,,1358000.000,,,,-19892000.000,,,,-2380000.000,,
NetCashProvidedByUsedInInvestingActivities,,-2462000.000,,,,-30035000.000,,,,-125365000.000,,,,-7912000.000,,,,-6830000.000,,,,-4028000.000,,
NetCashProvidedByUsedInInvestingActivitiesContinuingOperations,,-2462000.000,,,,-30035000.000,,,,-125365000.000,,,,-7912000.000,,,,-6830000.000,,,,-4028000.000,,
NetCashProvidedByUsedInOperatingActivities,,5388000.000,,,,10039000.000,,,,8541000.000,,,,14889000.000,,,,10926000.000,,,,8497000.000,,
NetCashProvidedByUsedInOperatingActivitiesContinuingOperations,,5388000.000,,,,10039000.000,,,,8541000.000,,,,14889000.000,,,,10926000.000,,,,8497000.000,,
NetIncomeLoss,1095000.000,1741000.000,2464000.000,-1332000.000,-1168000.000,18000.000,-7040000.000,-3559000.000,-3814000.000,-6048000.000,-7265000.000,-4310000.000,-1481000.000,-3268000.000,-1962000.000,-7830000.000,-21620000.000,-4253000.000,-5239000.000,-4230000.000,-5926000.000,-10508000.000,-10346000.000,-6624000.000
NonoperatingIncomeExpense,134000.000,-113000.000,28000.000,119000.000,7000.000,46000.000,-585000.000,-3134000.000,-7684000.000,-4040000.000,-3391000.000,-3573000.000,-3540000.000,-3647000.000,-3587000.000,-4600000.000,-3719000.000,,,,,,,
NotesIssued1,,,,,,,,189800000.000,,,,,,,,,,,,,,,,
OperatingExpenses,24521000.000,25991000.000,25707000.000,29242000.000,34199000.000,33367000.000,35714000.000,36385000.000,36958000.000,38840000.000,43593000.000,43620000.000,46342000.000,46344000.000,46378000.000,49848000.000,49641000.000,47517000.000,50682000.000,49369000.000,52157000.000,50799000.000,57798000.000,48902000.000
OperatingIncomeLoss,1097000.000,3234000.000,4839000.000,-115000.000,-698000.000,-174000.000,-2812000.000,-2208000.000,-1742000.000,-1046000.000,-2592000.000,1041000.000,119000.000,686000.000,1734000.000,-2810000.000,-373000.000,29000.000,-741000.000,-355000.000,-2484000.000,-5892000.000,-10642000.000,-2377000.000
OtherComprehensiveIncomeAvailableforsaleSecuritiesAdjustmentNetOfTaxPortionAttributableToParent,,,,,,,,,,,,,,,,,,8000.000,-76000.000,77000.000,46000.000,-57000.000,-49000.000,2000.000
OtherComprehensiveIncomeDefinedBenefitPlansAdjustmentNetOfTaxPortionAttributableToParent,,,,,,,,,,,,,,,,,,-116000.000,-63000.000,124000.000,6253000.000,-15000.000,-610000.000,16000.000
OtherComprehensiveIncomeForeignCurrencyTransactionAndTranslationAdjustmentNetOfTaxPortionAttributableToParent,,,,,,,,,,,,,,,,,,-6585000.000,-3943000.000,1829000.000,-9315000.000,-1057000.000,-8402000.000,2667000.000
OtherComprehensiveIncomeLossForeignCurrencyTransactionAndTranslationAdjustmentNetOfTax,,,,,,2393000.000,947000.000,-7020000.000,-213000.000,9906000.000,3838000.000,1445000.000,1791000.000,-13820000.000,-8147000.000,-3138000.000,,,,,,,,
OtherComprehensiveIncomeLossNetOfTaxPortionAttributableToParent,,,,,,,,,,9923000.000,3837000.000,1451000.000,2065000.000,-13869000.000,-8182000.000,-3130000.000,4854000.000,-6461000.000,-3956000.000,1782000.000,-15522000.000,-1099000.000,-7841000.000,2653000.000
OtherComprehensiveIncomeLossPensionAndOtherPostretirementBenefitPlansAdjustmentNetOfTax,,,,,,,,,,,,,,37000.000,26000.000,12000.000,,,,,,,,
OtherComprehensiveIncomeUnrealizedHoldingGainLossOnSecuritiesArisingDuringPeriodNetOfTax,,,,,,,,,,17000.000,-1000.000,6000.000,2000.000,-12000.000,-9000.000,20000.000,,,,,,,,
OtherCostOfOperatingRevenue,,,,,,,,,,1226000.000,1285000.000,1278000.000,1594000.000,1306000.000,1264000.000,1285000.000,1512000.000,1335000.000,1155000.000,1317000.000,1252000.000,878000.000,1178000.000,835000.000
OtherNonoperatingIncomeExpense,,,,,,,,,,,,,,,,,,-3671000.000,-3856000.000,-3882000.000,11103000.000,-3935000.000,-4182000.000,-4479000.000
OtherSalesRevenueNet,,,,,,,,,,1640000.000,1728000.000,1741000.000,2073000.000,1854000.000,1757000.000,1827000.000,2000000.000,1785000.000,1641000.000,1868000.000,1675000.000,1158000.000,1672000.000,1169000.000
PaymentsForRepurchaseOfCommonStock,,,,,,933000.000,,,,,,,,,,,,21354000.000,,,,3773000.000,,
PaymentsToAcquireAvailableForSaleSecurities,,,,,,,,,,13629000.000,,,,4282000.000,,,,4790000.000,,,,7579000.000,,
PaymentsToAcquireBusinessesGross,,,,,,,,,,126384000.000,,,,,,,,,,,,,,
PaymentsToAcquireBusinessesNetOfCashAcquired,,,,,,28253000.000,,,,108918000.000,,,,685000.000,,,,,,,,,,
PaymentsToAcquireHeldToMaturitySecurities,,63000.000,,,,62000.000,,,,55000.000,,,,55000.000,,,,44000.000,,,,,,
PaymentsToAcquireProductiveAssets,,,,,,,,,,,,,,,,,,,,,,9909000.000,,
PaymentsToAcquirePropertyPlantAndEquipment,,2462000.000,,,,1782000.000,,,,3346000.000,,,,5897000.000,,,,5830000.000,,,,,,
PensionExpense,,,,,,,,,,,151000.000,87000.000,,3000.000,,,,,,,,,,
ProceedsFromIssuanceOfSharesUnderIncentiveAndShareBasedCompensationPlansIncludingStockOptions,,1509000.000,,,,1623000.000,,,,1596000.000,,,,1307000.000,,,,1435000.000,,,,1353000.000,,
ProceedsFromSaleOfAvailableForSaleSecurities,,,,,,,,,,500000.000,,,,2952000.000,,,,3790000.000,,,,13460000.000,,
ProceedsFromSaleOfHeldToMaturitySecurities,,63000.000,,,,62000.000,,,,55000.000,,,,55000.000,,,,44000.000,,,,,,
ProceedsFromSaleOfPropertyPlantAndEquipment,,,,,,,,,,28000.000,,,,,,,,,,,,,,
ProceedsFromWarrantExercises,,8452000.000,,,,,,,,,,,,,,,,,,,,,,
ProvisionForDoubtfulAccounts,,50000.000,,,,75000.000,,,,47000.000,,,,79000.000,,,,161000.000,,,,,,
RepaymentsOfLongTermCapitalLeaseObligations,,46000.000,,,,28000.000,,,,,,,,,,,,,,,,,,
ResearchAndDevelopmentExpense,6167000.000,5932000.000,5932000.000,7496000.000,9327000.000,8306000.000,8426000.000,8454000.000,7788000.000,8407000.000,9271000.000,10685000.000,11362000.000,11681000.000,11030000.000,12716000.000,11758000.000,11260000.000,11765000.000,11934000.000,12396000.000,12935000.000,13082000.000,13057000.000
RestructuringCharges,,,,,,296000.000,834000.000,62000.000,-13000.000,55000.000,-10000.000,1015000.000,311000.000,286000.000,,1074000.000,,,,48000.000,,,,600000.000
RestructuringReserveSettledWithCash,,,,,,342000.000,,,,,,,,,,,,,,,,,,
Revenues,48811000.000,52476000.000,55094000.000,55316000.000,61398000.000,61689000.000,63609000.000,64444000.000,65032000.000,67249000.000,73405000.000,78252000.000,81679000.000,81343000.000,82225000.000,81951000.000,85370000.000,82881000.000,86048000.000,86233000.000,88112000.000,83084000.000,86728000.000,86099000.000
SalesRevenueGoodsNet,2145000.000,2000000.000,1971000.000,1908000.000,2006000.000,1988000.000,2044000.000,1838000.000,1953000.000,,,,,,,,,,,,,,,
SalesRevenueNet,48811000.000,52476000.000,55094000.000,55316000.000,61398000.000,61689000.000,63609000.000,64444000.000,65032000.000,67249000.000,73405000.000,78252000.000,81679000.000,81343000.000,82225000.000,81951000.000,85370000.000,82881000.000,86048000.000,86233000.000,88112000.000,83084000.000,86728000.000,86099000.000
SellingAndMarketingExpense,10441000.000,11242000.000,11430000.000,12352000.000,14180000.000,14188000.000,15620000.000,16215000.000,16802000.000,16242000.000,18024000.000,19433000.000,19008000.000,19202000.000,19545000.000,20248000.000,21156000.000,20155000.000,22280000.000,20419000.000,21214000.000,18875000.000,19325000.000,18976000.000
UnrecognizedTaxBenefitsPeriodIncreaseDecrease,,,,,,100000.000,,,,100000.000,,,,200000.000,,,,-200000.000,,,,-300000.000,,
WeightedAverageNumberOfDilutedSharesOutstanding,34142000.000,34841000.000,35090000.000,34460000.000,-69147000.000,35626000.000,35284000.000,35644000.000,-71110000.000,36214000.000,,,,,,,,,,,,,,
WeightedAverageNumberOfShareOutstandingBasicAndDiluted,,,,,,,,,,,36667000.000,37081000.000,,37647000.000,37759000.000,37762000.000,-75362000.000,38004000.000,37774000.000,38101000.000,-75922000.000,37940000.000,37769000.000,37965000.000
WeightedAverageNumberOfSharesOutstandingBasic,32017000.000,33710000.000,34160000.000,34460000.000,-68062000.000,34909000.000,35284000.000,35644000.000,-70393000.000,36214000.000,,,,,,,,,,,,,,
