,2011-06-30,2011-09-30,2012-03-31,2012-06-30,2012-09-30,2013-03-31,2013-06-30,2013-09-30,2013-12-31,2014-03-31,2014-06-30,2014-09-30,2014-12-31,2015-03-31,2015-06-30,2015-09-30,2015-12-31,2016-03-31,2016-06-30,2016-09-30,2016-12-31,2017-03-31
AmortizationOfDebtDiscountPremium,,,-308000.000,,,0.000,,,,,,,,,,,,,,,,
AmortizationOfFinancingCosts,,,707000.000,,,0.000,,,,,,,,,,,,,,,,
AmortizationOfIntangibleAssets,,,872000.000,,,548000.000,,,,393000.000,,,,281000.000,,,,201000.000,,,,144000.000
CashAndCashEquivalentsPeriodIncreaseDecrease,,,-13131000.000,,,1803000.000,,,,2393000.000,,,,217000.000,,,,3440000.000,,,,6331000.000
ComprehensiveIncomeNetOfTax,,,,,,,,,,,,,,-3752000.000,-2223000.000,-1942000.000,-1875000.000,-160000.000,569000.000,915000.000,940000.000,-653000.000
CostOfGoodsSoldExcludingDepreciationDepletionAndAmortization,45028000.000,43853000.000,43052000.000,40814000.000,40753000.000,38177000.000,36908000.000,36693000.000,35727000.000,36278000.000,35182000.000,34058000.000,33894000.000,33568000.000,32313000.000,32101000.000,31995000.000,31309000.000,30818000.000,30382000.000,29554000.000,29386000.000
DebtorReorganizationItemsLegalAndAdvisoryProfessionalFees,,,,,1428000.000,,,,,,,,,,,,,,,,,
DeferredIncomeTaxExpenseBenefit,,,242000.000,,,242000.000,,,,242000.000,,,,242000.000,,,,242000.000,,,,242000.000
Depreciation,,,8429000.000,,,7804000.000,,,,7782000.000,,,,7179000.000,,,,6974000.000,,,,6701000.000
DepreciationDepletionAndAmortization,9987000.000,9941000.000,9301000.000,9257000.000,9006000.000,8352000.000,8269000.000,8175000.000,8043000.000,8175000.000,6643000.000,7478000.000,7535000.000,7460000.000,7350000.000,7348000.000,7282000.000,7175000.000,7134000.000,6995000.000,6954000.000,6845000.000
IncomeLossFromContinuingOperationsBeforeIncomeTaxesMinorityInterestAndIncomeLossFromEquityMethodInvestments,-1707000.000,-3317000.000,-5097000.000,-8071000.000,-12521000.000,-2006000.000,-147000.000,-1110000.000,-3954000.000,-2611000.000,-840000.000,-2062000.000,-2382000.000,-3421000.000,-1808000.000,-1610000.000,-1595000.000,163000.000,875000.000,1204000.000,,-313000.000
IncomeTaxExpenseBenefit,319000.000,382000.000,248000.000,366000.000,355000.000,361000.000,369000.000,295000.000,239000.000,454000.000,299000.000,298000.000,281000.000,331000.000,415000.000,332000.000,280000.000,323000.000,306000.000,289000.000,472000.000,340000.000
IncreaseDecreaseInAccountsPayable,,,-724000.000,,,870000.000,,,,2575000.000,,,,-930000.000,,,,-2140000.000,,,,-2453000.000
IncreaseDecreaseInAccountsReceivable,,,-1949000.000,,,-84000.000,,,,-397000.000,,,,505000.000,,,,-1108000.000,,,,-1355000.000
IncreaseDecreaseInAccruedLiabilities,,,-10790000.000,,,-1490000.000,,,,1986000.000,,,,4572000.000,,,,4478000.000,,,,5665000.000
IncreaseDecreaseInDeferredRevenue,,,-46000.000,,,-46000.000,,,,-193000.000,,,,62000.000,,,,3000.000,,,,45000.000
IncreaseDecreaseInOtherCurrentAssets,,,1118000.000,,,-1732000.000,,,,1034000.000,,,,234000.000,,,,898000.000,,,,768000.000
IncreaseDecreaseInOtherNoncurrentLiabilities,,,-172000.000,,,,,,,,,,,,,,,,,,,
IncreaseDecreaseInOtherOperatingAssets,,,253000.000,,,-58000.000,,,,-13000.000,,,,64000.000,,,,39000.000,,,,-90000.000
IncreaseDecreaseInOtherOperatingLiabilities,,,0.000,,,-338000.000,,,,0.000,,,,13000.000,,,,29000.000,,,,15000.000
InterestExpense,9616000.000,9625000.000,9697000.000,9640000.000,9467000.000,4420000.000,4547000.000,3945000.000,4284000.000,4216000.000,4253000.000,4248000.000,4073000.000,4224000.000,4017000.000,4019000.000,4225000.000,4189000.000,4202000.000,4650000.000,3557000.000,4181000.000
InterestIncomeOperating,17000.000,18000.000,18000.000,12000.000,13000.000,8000.000,9000.000,10000.000,6000.000,6000.000,5000.000,4000.000,8000.000,8000.000,5000.000,6000.000,7000.000,10000.000,8000.000,11000.000,11000.000,15000.000
NetCashProvidedByUsedInFinancingActivities,,,-1519000.000,,,-409000.000,,,,-513000.000,,,,-40000.000,,,,-1053000.000,,,,195000.000
NetCashProvidedByUsedInFinancingActivitiesContinuingOperations,,,-1519000.000,,,-409000.000,,,,-513000.000,,,,-40000.000,,,,-1053000.000,,,,195000.000
NetCashProvidedByUsedInInvestingActivities,,,-5869000.000,,,-6046000.000,,,,-6379000.000,,,,-6744000.000,,,,-5420000.000,,,,-4229000.000
NetCashProvidedByUsedInInvestingActivitiesContinuingOperations,,,-5869000.000,,,-6046000.000,,,,-6379000.000,,,,-6744000.000,,,,-5420000.000,,,,-4229000.000
NetCashProvidedByUsedInOperatingActivities,,,-5743000.000,,,8258000.000,,,,9285000.000,,,,7001000.000,,,,9913000.000,,,,10365000.000
NetCashProvidedByUsedInOperatingActivitiesContinuingOperations,,,-5743000.000,,,8258000.000,,,,9285000.000,,,,7001000.000,,,,9913000.000,,,,10365000.000
NetIncomeLoss,-2026000.000,-3699000.000,-5345000.000,-8437000.000,-12876000.000,-2367000.000,-516000.000,-1405000.000,-4193000.000,-3065000.000,-1139000.000,-2360000.000,-2663000.000,-3752000.000,-2223000.000,-1942000.000,-1875000.000,-160000.000,569000.000,915000.000,940000.000,-653000.000
NumberOfReportableSegments,,,,,,,,,,1.000,,,,1.000,,,,1.000,,,,
OperatingExpenses,87828000.000,87154000.000,83966000.000,85342000.000,84226000.000,77729000.000,75987000.000,75437000.000,75192000.000,76012000.000,73004000.000,71538000.000,71043000.000,72058000.000,70875000.000,70637000.000,69514000.000,67581000.000,67796000.000,66994000.000,66172000.000,67692000.000
OperatingIncomeLoss,7709000.000,6290000.000,4582000.000,1557000.000,-1639000.000,3072000.000,4471000.000,3152000.000,323000.000,1599000.000,3408000.000,2182000.000,1683000.000,795000.000,2204000.000,2403000.000,2623000.000,4342000.000,5069000.000,5843000.000,4958000.000,3853000.000
OtherComprehensiveIncomeLossNetOfTax,,,,,,,,,,,,,,0.000,0.000,0.000,0.000,0.000,0.000,0.000,0.000,0.000
OtherIncome,,,,0.000,0.000,,,,,,,,,,,,,,,,,
OtherNonoperatingIncomeExpense,183000.000,0.000,,,,,,,,,,,,,,,,,,,,
PaymentsForProceedsFromOtherInvestingActivities,,,-632000.000,,,2000.000,,,,-600000.000,,,,0.000,,,,,,,,-500000.000
PaymentsToAcquireAvailableForSaleSecurities,,,27135000.000,,,0.000,,,,,,,,,,,,,,,,
PaymentsToAcquireBusinessesNetOfCashAcquired,,,,,,546000.000,,,,0.000,,,,,,,,,,,,
PaymentsToAcquirePropertyPlantAndEquipment,,,6501000.000,,,5498000.000,,,,6979000.000,,,,6744000.000,,,,5420000.000,,,,4729000.000
ProceedsFromLinesOfCredit,,,,,,5000000.000,,,,0.000,,,,,,,,,,,,
ProceedsFromLongTermCapitalLeaseObligations,,,19000.000,,,73000.000,,,,0.000,,,,22000.000,,,,0.000,,,,271000.000
ProceedsFromSaleOfAvailableForSaleSecurities,,,27135000.000,,,0.000,,,,,,,,,,,,,,,,
ProvisionForDoubtfulAccounts,,,566000.000,,,1151000.000,,,,236000.000,,,,236000.000,,,,253000.000,,,,139000.000
ReorganizationItems,,,,,1428000.000,666000.000,80000.000,327000.000,-1000.000,0.000,0.000,0.000,0.000,,,,,,,,,
RepaymentsOfDebtAndCapitalLeaseObligations,,,538000.000,,,482000.000,,,,513000.000,,,,62000.000,,,,53000.000,,,,76000.000
RepaymentsOfLinesOfCredit,,,1000000.000,,,5000000.000,,,,0.000,,,,,,,,,,,,
RepaymentsOfLongTermLinesOfCredit,,,,,,,,,,,,,,,,,,1000000.000,,,,0.000
Revenues,95537000.000,93444000.000,88548000.000,86899000.000,82587000.000,80801000.000,80458000.000,78589000.000,75515000.000,77611000.000,76412000.000,73720000.000,72726000.000,72853000.000,73079000.000,73040000.000,72137000.000,71923000.000,72865000.000,72837000.000,71130000.000,71545000.000
SalesRevenueNet,95537000.000,93444000.000,88548000.000,86899000.000,82587000.000,80801000.000,80458000.000,78589000.000,75515000.000,77611000.000,76412000.000,73720000.000,72726000.000,72853000.000,73079000.000,73040000.000,72137000.000,71923000.000,72865000.000,72837000.000,71130000.000,71545000.000
SellingGeneralAndAdministrativeExpense,32813000.000,33360000.000,31613000.000,35271000.000,34467000.000,31200000.000,30810000.000,30569000.000,31422000.000,31559000.000,31179000.000,30002000.000,29614000.000,31030000.000,31212000.000,31188000.000,30237000.000,29097000.000,29844000.000,29617000.000,29664000.000,31461000.000
