,2011-06-30,2011-09-30,2012-03-31,2012-09-30,2013-03-31,2013-06-30,2013-09-30,2013-12-31,2014-03-31,2014-06-30,2014-09-30,2014-12-31,2015-03-31,2015-06-30,2015-09-30,2015-12-31,2016-03-31
AdjustmentForAmortization,,,,,,,,,,,,,82000.000,,,,79000.000
AllocatedShareBasedCompensationExpense,,,,,,,,,,,,,,,,,280000.000
AmortizationOfFinancingCostsAndDiscounts,,,,,,,,,,,,,66000.000,,,,242000.000
AmortizationOfIntangibleAssets,,,,100000.000,,100000.000,100000.000,,,100000.000,100000.000,,100000.000,100000.000,100000.000,0.000,100000.000
AntidilutiveSecuritiesExcludedFromComputationOfEarningsPerShareAmount,,,,6513373.000,6393885.000,6986474.000,6902758.000,-13376620.000,5555558.000,,,,272919.000,,,,44758477.000
CapitalExpendituresIncurredButNotYetPaid,,,,,,,,,,,,,0.000,,,,
CashAndCashEquivalentsPeriodIncreaseDecrease,,,-7510000.000,,-8824000.000,,,,-8471000.000,,,,-6829000.000,,,,-1707000.000
ConversionOfStockAmountIssued1,,,,,,,,,,,,,,,,,329000.000
CostOfGoodsAndServicesSold,374000.000,369000.000,913000.000,639000.000,1537000.000,1269000.000,1476000.000,2136000.000,2023000.000,1669000.000,2361000.000,2443000.000,2486000.000,2384000.000,3931000.000,3550000.000,3540000.000
CostsAndExpenses,8948000.000,10037000.000,9373000.000,9626000.000,10908000.000,9490000.000,11427000.000,11898000.000,12888000.000,12356000.000,12949000.000,13787000.000,11865000.000,12459000.000,12807000.000,11637000.000,12195000.000
Depreciation,,,,,,,,,,,,,417000.000,,,,561000.000
DepreciationDepletionAndAmortization,,,716000.000,,582000.000,,,,741000.000,,,,,,,,
DividendsPreferredStockStock,,,,,,,,,,,,,,,,,117000.000
EarningsPerShareBasicAndDiluted,-0.230,-0.220,-0.180,-0.160,-0.150,-0.140,-0.160,-0.110,-0.130,-0.130,-0.130,-0.080,-1.290,-2.250,-1.310,-1.170,-0.550
ForeignCurrencyTransactionGainLossBeforeTax,-7000.000,-3000.000,-1000.000,-3000.000,-2000.000,-1000.000,-2000.000,0.000,,-1000.000,-1000.000,,,,,,
IncreaseDecreaseInAccountsPayable,,,569000.000,,-68000.000,,,,684000.000,,,,777000.000,,,,440000.000
IncreaseDecreaseInAccountsReceivable,,,14000.000,,791000.000,,,,-341000.000,,,,-807000.000,,,,-21000.000
IncreaseDecreaseInInventories,,,1046000.000,,936000.000,,,,1273000.000,,,,861000.000,,,,-37000.000
IncreaseDecreaseInOtherOperatingAssets,,,416000.000,,288000.000,,,,382000.000,,,,453000.000,,,,185000.000
IncreaseDecreaseInOtherOperatingLiabilities,,,139000.000,,1245000.000,,,,465000.000,,,,49000.000,,,,-209000.000
IncreaseDecreaseInRestrictedCash,,,,,,,,,,,,,,,,,1000000.000
InterestExpense,,,,,,213000.000,369000.000,,368000.000,363000.000,341000.000,314000.000,287000.000,855000.000,880000.000,877000.000,971000.000
InterestExpenseDebt,,,,,,,,,,,,,,855000.000,,,
InterestPaidNet,,,,,,,,,,,,,0.000,,,,632000.000
InvestmentIncomeInterest,11000.000,11000.000,14000.000,15000.000,7000.000,5000.000,4000.000,6000.000,3000.000,2000.000,1000.000,2000.000,1000.000,1000.000,,,
LeaseAndRentalExpense,,,,200000.000,200000.000,100000.000,200000.000,0.000,400000.000,200000.000,200000.000,-100000.000,,400000.000,200000.000,,400000.000
NetCashProvidedByUsedInFinancingActivities,,,0.000,,,,,,652000.000,,,,-927000.000,,,,4970000.000
NetCashProvidedByUsedInFinancingActivitiesContinuingOperations,,,0.000,,,,,,652000.000,,,,-927000.000,,,,4970000.000
NetCashProvidedByUsedInInvestingActivities,,,-25000.000,,-433000.000,,,,-690000.000,,,,-271000.000,,,,-1372000.000
NetCashProvidedByUsedInInvestingActivitiesContinuingOperations,,,-25000.000,,-433000.000,,,,-690000.000,,,,-271000.000,,,,-1372000.000
NetCashProvidedByUsedInOperatingActivities,,,-7485000.000,,-8391000.000,,,,-8433000.000,,,,-5631000.000,,,,-5305000.000
NetCashProvidedByUsedInOperatingActivitiesContinuingOperations,,,-7485000.000,,-8391000.000,,,,-8433000.000,,,,-5631000.000,,,,-5305000.000
NetIncomeLoss,-8435000.000,-9473000.000,-8061000.000,-8749000.000,-8534000.000,-7847000.000,-9427000.000,-8839000.000,-9970000.000,-10046000.000,-9602000.000,-9452000.000,-7533000.000,-8595000.000,-8798000.000,-5665000.000,-6568000.000
NetIncomeLossAvailableToCommonStockholdersBasic,,,,,,,,,,,,,,-14398000.000,-9931000.000,,-6685000.000
NetIncomeLossAvailableToCommonStockholdersDiluted,,,,,356700000.000,,,,392800000.000,,,,,,,,
NoncashOrPartNoncashAcquisitionFixedAssetsAcquired1,,,,,,,,,315000.000,,,,,,,,
NonoperatingIncomeExpense,4000.000,8000.000,13000.000,12000.000,5000.000,-209000.000,-367000.000,-355000.000,-365000.000,-362000.000,-341000.000,-312000.000,-286000.000,-854000.000,-879000.000,-876000.000,-962000.000
OperatingIncomeLoss,-8439000.000,-9481000.000,-8074000.000,-8761000.000,-8539000.000,-7638000.000,-9060000.000,-8484000.000,-9605000.000,-9684000.000,-9261000.000,-9140000.000,-7247000.000,-7741000.000,-7919000.000,-4789000.000,-5606000.000
OtherNonoperatingIncomeExpense,,,,,,,,,,,,,,,1000.000,,9000.000
PaymentsForRestructuring,,,,,,,,,,,,,266000.000,198000.000,49000.000,0.000,
PaymentsOfDebtIssuanceCosts,,,,,,,,,,,,,,,,,30000.000
PaymentsToAcquireIntangibleAssets,,,25000.000,,,,,,,,,,,,,,
PaymentsToAcquirePropertyPlantAndEquipment,,,,,433000.000,,,,690000.000,,,,271000.000,,,,372000.000
PreferredStockDividendsIncomeStatementImpact,,,,,,,,,,,,,,5803000.000,1133000.000,,117000.000
ProceedsFromIssuanceOfDebt,,,,,,,,,,,,,,,,,5000000.000
ProceedsFromStockOptionsExercised,,,,,,,,,652000.000,,,,0.000,,,,
ProvisionForDoubtfulAccounts,,,,,,,,,87000.000,,,,102000.000,,,,-3000.000
RepaymentsOfDebt,,,,,,,,,,,,,927000.000,,,,0.000
ResearchAndDevelopmentExpense,4634000.000,5828000.000,4435000.000,4584000.000,4062000.000,3092000.000,3866000.000,7552000.000,5221000.000,3950000.000,5534000.000,6962000.000,3640000.000,4469000.000,3467000.000,3598000.000,3744000.000
RestrictedStockExpense,,,,,100000.000,300000.000,300000.000,-100000.000,600000.000,600000.000,500000.000,200000.000,200000.000,-100000.000,0.000,0.000,100000.000
RestructuringAndRelatedCostIncurredCost,,,,,,,,,,,,,513000.000,,,,0.000
RestructuringCharges,,,,,,,,,,,,,513000.000,0.000,0.000,0.000,0.000
Revenues,509000.000,556000.000,1299000.000,865000.000,2369000.000,1852000.000,2367000.000,3414000.000,3283000.000,2672000.000,3688000.000,4647000.000,4618000.000,4718000.000,4888000.000,6848000.000,6589000.000
SalesRevenueGoodsNet,509000.000,556000.000,1286000.000,865000.000,2369000.000,1852000.000,2367000.000,3414000.000,3283000.000,2672000.000,3688000.000,4647000.000,4618000.000,4718000.000,4888000.000,6848000.000,6589000.000
SalesRevenueNet,509000.000,556000.000,1299000.000,865000.000,2369000.000,1852000.000,2367000.000,3414000.000,3283000.000,2672000.000,3688000.000,4647000.000,4618000.000,4718000.000,4888000.000,6848000.000,6589000.000
SellingGeneralAndAdministrativeExpense,3940000.000,3840000.000,4025000.000,4403000.000,5309000.000,5129000.000,6085000.000,2210000.000,5644000.000,6737000.000,5054000.000,4382000.000,5226000.000,5606000.000,5409000.000,4489000.000,4911000.000
ShareBasedCompensation,,,628000.000,,399000.000,,,,874000.000,,,,403000.000,,,,280000.000
ShareBasedCompensationArrangementByShareBasedPaymentAwardFairValueAssumptionsDiscountForPostvestingRestrictions,,,,,0.015,,,,0.000,,,,0.011,,,,
ShareBasedCompensationArrangementByShareBasedPaymentAwardFairValueAssumptionsExpectedDividendRate,,,,,0.000,,,,0.000,,,,0.000,,,,
ShareBasedCompensationArrangementByShareBasedPaymentAwardFairValueAssumptionsExpectedVolatilityRate,,,,,0.860,,,,0.850,,,,0.780,,,,
ShareBasedCompensationArrangementByShareBasedPaymentAwardFairValueAssumptionsRiskFreeInterestRate,,,,,0.011,,,,0.019,,,,0.016,,,,
ShareBasedCompensationArrangementByShareBasedPaymentAwardOptionsExpirationsInPeriod,,,,,13380.000,,,,46980.000,,,,120.000,,,,0.000
ShareBasedCompensationArrangementByShareBasedPaymentAwardOptionsForfeituresInPeriod,,,,,48888.000,,,,30000.000,,,,20063.150,,,,17148.000
ShareBasedCompensationArrangementByShareBasedPaymentAwardOptionsGrantsInPeriodGross,,,,,6853.000,,,,541.000,,,,445.050,,,,4619.000
ShareBasedCompensationArrangementByShareBasedPaymentAwardOptionsGrantsInPeriodWeightedAverageGrantDateFairValue,,,,,2.050,,,,1.860,,,,3.380,,,,
ShareBasedCompensationArrangementByShareBasedPaymentAwardOptionsVestedInPeriodFairValue,,,,100000.000,700000.000,,,,,,,,,,,,
ShareBasedCompensationArrangementsByShareBasedPaymentAwardOptionsExercisesInPeriodWeightedAverageExercisePrice,,,,,,,,,1.450,,,,0.000,,,,0.000
ShareBasedCompensationArrangementsByShareBasedPaymentAwardOptionsExpirationsInPeriodWeightedAverageExercisePrice,,,,,7.210,,,,5.440,,,,100.120,,,,0.000
ShareBasedCompensationArrangementsByShareBasedPaymentAwardOptionsForfeituresInPeriodWeightedAverageExercisePrice,,,,,3.450,,,,3.000,,,,54.000,,,,63.950
ShareBasedCompensationArrangementsByShareBasedPaymentAwardOptionsGrantsInPeriodWeightedAverageExercisePrice,,,,,2.830,,,,2.510,,,,5.000,,,,0.690
SharebasedCompensationArrangementBySharebasedPaymentAwardOptionsVestedInPeriodFairValue1,,,,,,700000.000,200000.000,,1400000.000,400000.000,100000.000,0.000,900000.000,900000.000,100000.000,-900000.000,100000.000
StockIssuedDuringPeriodSharesStockOptionsExercised,,,,,,,,,467500.000,,,,0.000,,,,0.000
StockIssuedDuringPeriodValueShareBasedCompensation,,,,,,,,,,,,,,,,,280000.000
WeightedAverageNumberOfShareOutstandingBasicAndDiluted,,,,53429000.000,55802000.000,56998000.000,60318000.000,-110984000.000,76716000.000,75904000.000,76303000.000,-145342000.000,5842000.000,6392000.000,7595000.000,-12709000.000,12114000.000
