,2011-09-30,2012-03-31,2012-06-30,2012-09-30,2012-12-31,2013-03-31,2013-06-30,2013-09-30,2013-12-31,2014-03-31,2014-06-30,2014-09-30,2014-12-31,2015-03-31,2015-06-30,2015-09-30,2015-12-31,2016-03-31,2016-06-30,2016-09-30,2016-12-31,2017-03-31
AccretionAmortizationOfDiscountsAndPremiumsInvestments,,-766000.000,,,,-418000.000,,,,-296000.000,,,,-356000.000,,,,-69000.000,,,,
AdjustmentOfWarrantsGrantedForServices,,,,,,,,,,191000.000,,,,21000.000,,,,0.000,,,,
AdvertisingExpense,,,400000.000,700000.000,,,,,,,,,,,,,,,,,,
AllocatedShareBasedCompensationExpense,,,3825000.000,3743000.000,,4005000.000,5216000.000,5231000.000,4201000.000,6609000.000,5796000.000,6288000.000,6856000.000,4070000.000,4719000.000,3524000.000,3371000.000,2736000.000,3085000.000,3551000.000,2540000.000,1663000.000
AmortizationOfDebtDiscountPremium,,38000.000,,,,262000.000,,,,243000.000,,,,579000.000,,,,666000.000,,,,577000.000
AmortizationOfFinancingCosts,,5000.000,,,,73000.000,,,,7000.000,,,,44000.000,,,,,,,,
AntidilutiveSecuritiesExcludedFromComputationOfEarningsPerShareAmount,,,,10452430.000,,28257450.000,,,,24202653.000,,,,32690995.000,,,,48345917.000,46819077.000,46100125.000,-98007119.000,34907000.000
AvailableForSaleSecuritiesContinuousUnrealizedLossPosition12MonthsOrLongerAggregateLosses,,,,,,,,,,9000.000,,,,,,,,,,,,
AvailableforsaleSecuritiesGrossRealizedGainLossExcludingOtherThanTemporaryImpairments,,,,,,,,,,,,,,,,,,1000.000,,,,
CapitalExpendituresIncurredButNotYetPaid,,1500000.000,,,,502000.000,,,,1225000.000,,,,,,,,,,,,
CashAndCashEquivalentsPeriodIncreaseDecrease,,-11791000.000,,,,24622000.000,,,,-4471000.000,,,,-4493000.000,,,,16854000.000,,,,-18696000.000
CashProvidedByUsedInInvestingActivitiesDiscontinuedOperations,,,,,,,,,,,,,,,,,,,,,,0.000
CashProvidedByUsedInOperatingActivitiesDiscontinuedOperations,,,,,,,,,,,,,,,,,,,,,,0.000
ComprehensiveIncomeNetOfTax,,-16273000.000,-19614000.000,-22119000.000,-24736000.000,-26581000.000,-26519000.000,-30680000.000,-36004000.000,-33439000.000,-42001000.000,-44709000.000,-49212000.000,-40687000.000,-35214000.000,-43207000.000,-33656000.000,-23423000.000,-23790000.000,-20746000.000,-28074000.000,-21434000.000
ConversionOfStockAmountIssued1,,,,,,,,,,,,,,,,,,,,,,9869000.000
CostOfGoodsSold,554000.000,1246000.000,1330000.000,1331000.000,1404000.000,1454000.000,1496000.000,1450000.000,1985000.000,3390000.000,4470000.000,6598000.000,6154000.000,4670000.000,4361000.000,4570000.000,4578000.000,3217000.000,2725000.000,884000.000,-1570000.000,1249000.000
DebtConversionConvertedInstrumentAmount1,,,,,,,,,,2461000.000,,,,,,,,,,,,7567000.000
DebtConversionOriginalDebtAmount1,,,,,,,,,,,,,,,,,,,,,,7600000.000
DebtIssuanceCostsIncurredDuringNoncashOrPartialNoncashTransaction,,,,,,118000.000,,,,417000.000,,,,,,,,,,,,
DebtRelatedCommitmentFeesAndDebtIssuanceCosts,,,,,,,,,,,,,,,,,,,1785000.000,3242000.000,,2436000.000
DefinedContributionPlanMaximumAnnualContributionPerEmployeePercent,,,,,,0.900,,,,,,,,,,,,,,,,
DefinedContributionPlanMaximumAnnualContributionsPerEmployeePercent,,,,,,,,,,0.900,,,,,,,,,,,,
DepreciationDepletionAndAmortization,,606000.000,800000.000,1000000.000,1113000.000,1126000.000,1200000.000,1300000.000,1482000.000,1491000.000,1600000.000,1600000.000,1592000.000,1468000.000,1393000.000,1553000.000,,1179000.000,1200000.000,,,1183000.000
DiscontinuedOperationIncomeLossFromDiscontinuedOperationNetOfTaxPerBasicAndDilutedShare,,,,,,,,,,,,,,,,,,,,0.070,,0.000
EarningsPerShareBasicAndDiluted,-0.240,-0.280,-0.320,-0.370,-0.400,-0.430,-0.420,-0.470,-0.490,-0.500,-0.560,-0.500,-0.580,-0.440,-0.460,-0.430,-0.430,-0.320,-0.330,-0.240,-0.290,-0.230
EffectOfExchangeRateOnCashAndCashEquivalents,,-86000.000,,,,-21000.000,,,,42000.000,,,,-423000.000,,,,70000.000,,,,17000.000
EmbeddedDerivativeGainLossOnEmbeddedDerivativeNet,,,,,,,,,,2018000.000,-1745000.000,6205000.000,1578000.000,-15000.000,-134000.000,176000.000,-26000.000,82000.000,0.000,0.000,0.000,0.000
EmbeddedDerivativeLossOnEmbeddedDerivative,,,,,,737000.000,813000.000,2836000.000,2006000.000,,,,,,,,,,,,,
EntityWideDisclosureOnGeographicAreasRevenueFromExternalCustomersAttributedToEntitysCountryOfDomicile,,,13500000.000,8600000.000,,,,,,,,,,,,,,,,,,
EquityMethodInvestmentSummarizedFinancialInformationGrossProfitLoss,,,-510000.000,-683000.000,,-959000.000,-2222000.000,,,-3834000.000,,,,-5066000.000,,,,-4872000.000,,,,-6523000.000
FairValueAdjustmentOfWarrants,,,,,,,679000.000,-200000.000,,-688000.000,0.000,0.000,0.000,0.000,0.000,0.000,0.000,,,,,
FairValueAssumptionsExpectedVolatilityRate,,,,,,,,,,,,,,0.770,,,,,,,,
FairValueAssumptionsRiskFreeInterestRate,,,,,,,,,,,,,,0.014,,,,,,,,
FairValueMeasurementWithUnobservableInputsReconciliationLiabilityTransfersIntoLevel3,,,,,,3124000.000,,,,,,,,,,,,,,,,
GainLossOnDispositionOfAssets,,,,,,,,,,,,,,,,,,,,,,-129000.000
GainLossRelatedToLitigationSettlement,,,,,,,,,,,,,,,,,,,,,,2369000.000
GrossProfit,,,,,,,,,,,,,,4151000.000,3946000.000,4563000.000,2461000.000,4055000.000,3630000.000,,,
IncomeLossFromContinuingOperations,,,,,,,,,,,,,,,,,,,,-26346000.000,,-22587000.000
IncomeLossFromContinuingOperationsBeforeIncomeTaxesExtraordinaryItemsNoncontrollingInterest,,,,,,,,,,,,,,,,,,,,-28185000.000,,
IncomeLossFromContinuingOperationsPerBasicAndDilutedShare,,,,,,,,,,,,,,,,,,,,-0.310,,-0.230
IncomeLossFromDiscontinuedOperationsNetOfTaxAttributableToReportingEntity,,,,,,,,,,,,,,,,,,,,5852000.000,,0.000
IncomeLossFromEquityMethodInvestments,,,500000.000,,,,,-2360000.000,,-3834000.000,-4278000.000,-7201000.000,-7724000.000,-5066000.000,-7309000.000,-5916000.000,-4098000.000,-4872000.000,-5358000.000,-6378000.000,-5783000.000,-6523000.000
IncomeTaxExpenseBenefit,,,,,,,,,,,,,,,,,,,,-1839000.000,,
IncomeTaxesPaid,,,,,,,,,,0.000,,,,0.000,,,,,,,,
IncreaseDecreaseInAccountsPayable,,-2364000.000,,,,-2129000.000,,,,1902000.000,,,,-2406000.000,,,,-413000.000,,,,-1568000.000
IncreaseDecreaseInAccountsReceivable,,2675000.000,,,,4040000.000,,,,447000.000,,,,2474000.000,,,,1415000.000,,,,2602000.000
IncreaseDecreaseInAccruedLiabilities,,-2921000.000,,,,2724000.000,,,,-5595000.000,,,,-2167000.000,,,,-1872000.000,,,,181000.000
IncreaseDecreaseInContractReceivablesNet,,-906000.000,,,,-874000.000,,,,605000.000,,,,-1649000.000,,,,-351000.000,,,,
IncreaseDecreaseInDeferredRevenue,,-164000.000,,,,3142000.000,,,,662000.000,,,,-300000.000,,,,1003000.000,,,,394000.000
IncreaseDecreaseInDerivativeLiabilities,,,,,,737000.000,,,,,,,,,,,,,,,,
IncreaseDecreaseInDueFromRelatedParties,,,,,,,,,,,,,,-2869000.000,,,,,,,,
IncreaseDecreaseInInventories,,952000.000,,,,-222000.000,,,,1076000.000,,,,-238000.000,,,,462000.000,,,,-253000.000
IncreaseDecreaseInOtherNoncurrentAssets,,,,,,,,,,-1460000.000,,,,0.000,,,,,,,,
IncreaseDecreaseInOtherOperatingLiabilities,,8000.000,,,,-499000.000,,,,-67000.000,,,,1506000.000,,,,189000.000,,,,-270000.000
IncreaseDecreaseInPrepaidDeferredExpenseAndOtherAssets,,-905000.000,,,,-485000.000,,,,158000.000,,,,193000.000,,,,-282000.000,,,,-341000.000
IncreaseDecreaseInRestrictedCash,,,,,,,,,,,,,,-181000.000,,,,0.000,,,,
IncreaseDecreaseInRestructuringReserve,,,,,,,,,,,,,,50000.000,,,,1190000.000,,,,
InterestAndOtherIncome,174000.000,546000.000,556000.000,626000.000,344000.000,348000.000,371000.000,,,,,,,,,,,,,,,
InterestCostsCapitalized,,,,300000.000,,,,,,,,,,,,,,,,,,
InterestExpense,250000.000,219000.000,247000.000,,,1871000.000,1810000.000,1961000.000,1494000.000,1347000.000,5055000.000,3553000.000,3522000.000,3536000.000,3547000.000,3540000.000,3537000.000,3489000.000,3478000.000,3460000.000,3118000.000,3000000.000
InterestExpenseDebt,,,,200000.000,,1600000.000,1900000.000,1300000.000,1500000.000,1300000.000,3100000.000,2800000.000,2800000.000,2800000.000,2800000.000,2800000.000,2800000.000,2800000.000,,,,
InterestPaid,,,,,,,,,,,,,,,,,,,,,,976000.000
InterestPaidCapitalized,,,,,,,,,,350000.000,,,,0.000,,,,,,,,
InterestPaidNet,,187000.000,,,,183000.000,,,,2194000.000,,,,1849000.000,,,,1851000.000,,,,
LeaseAndRentalExpense,,,700000.000,700000.000,,700000.000,800000.000,2100000.000,3500000.000,2600000.000,2600000.000,2600000.000,2700000.000,2800000.000,2900000.000,3000000.000,2000000.000,,,,,
LineOfCreditFacilityCommitmentFeePercentage,,,,,,0.025,,,,,,,,,,,,,,,,
MarketableSecuritiesUnrealizedGainLoss,,,,,,-69000.000,,,,-12000.000,,,,,,,,,,,,
NetCashProvidedByUsedInFinancingActivities,,-1316000.000,,,,115515000.000,,,,5535000.000,,,,377000.000,,,,27556000.000,,,,690000.000
NetCashProvidedByUsedInFinancingActivitiesContinuingOperations,,-1316000.000,,,,115515000.000,,,,5535000.000,,,,377000.000,,,,27556000.000,,,,690000.000
NetCashProvidedByUsedInInvestingActivities,,8243000.000,,,,-72652000.000,,,,18592000.000,,,,22322000.000,,,,8317000.000,,,,-6056000.000
NetCashProvidedByUsedInInvestingActivitiesContinuingOperations,,8243000.000,,,,-72652000.000,,,,18592000.000,,,,22322000.000,,,,8317000.000,,,,-6056000.000
NetCashProvidedByUsedInOperatingActivities,,-18632000.000,,,,-18220000.000,,,,-28640000.000,,,,-26769000.000,,,,-19089000.000,,,,-13347000.000
NetCashProvidedByUsedInOperatingActivitiesContinuingOperations,,-18632000.000,,,,-18220000.000,,,,-28640000.000,,,,-26769000.000,,,,-19089000.000,,,,-13347000.000
NetIncomeLoss,-14086000.000,-16780000.000,-19239000.000,-22503000.000,-24610000.000,-26525000.000,-25825000.000,-30703000.000,-33336000.000,-34681000.000,-42917000.000,-39677000.000,-44866000.000,-34665000.000,-37171000.000,-34918000.000,-34693000.000,-26512000.000,-27438000.000,-20494000.000,-27112000.000,-22587000.000
NetIncomeLossAvailableToCommonStockholdersBasic,-14086000.000,-16780000.000,-19239000.000,-22503000.000,-24610000.000,,,,,,,,,,,,,,,,,
NonoperatingIncomeExpense,-76000.000,327000.000,650000.000,628000.000,366000.000,-3165000.000,-5153000.000,-6610000.000,-5321000.000,-2240000.000,-10685000.000,-4184000.000,-9351000.000,-8354000.000,-10853000.000,-8965000.000,-7447000.000,-7965000.000,-10335000.000,-12518000.000,-13058000.000,-11444000.000
OperatingExpenses,22947000.000,30663000.000,33434000.000,31714000.000,33400000.000,30040000.000,31847000.000,34714000.000,39289000.000,44832000.000,48171000.000,53052000.000,50017000.000,38916000.000,38058000.000,37352000.000,37633000.000,29406000.000,27050000.000,19977000.000,5092000.000,15662000.000
OperatingIncomeLoss,-14010000.000,-17107000.000,-19889000.000,-23131000.000,-24976000.000,-23360000.000,-20672000.000,-24093000.000,-28015000.000,-32441000.000,-32232000.000,-35493000.000,-35515000.000,-26311000.000,-26318000.000,-25953000.000,-27246000.000,-18547000.000,-17103000.000,-15667000.000,-11726000.000,-11143000.000
OtherAssetImpairmentCharges,,,0.000,0.000,,,,,,,,,,,,,,,,,,
OtherComprehensiveIncomeAvailableForSaleSecuritiesAdjustmentNetOfTaxPeriodIncreaseDecrease,,561000.000,,,,,,,,,,,,,,,,,,,,
OtherComprehensiveIncomeForeignCurrencyTransactionAndTranslationAdjustmentNetOfTaxPeriodIncreaseDecrease,,-54000.000,,,,,,,,,,,,,,,,,,,,
OtherComprehensiveIncomeForeignCurrencyTransactionAndTranslationGainLossArisingDuringPeriodNetOfTax,,,,,,,,,,1094000.000,,,,,,,,,,,,
OtherComprehensiveIncomeLossAvailableForSaleSecuritiesAdjustmentNetOfTax,,,-72000.000,204000.000,,-69000.000,-264000.000,98000.000,-5000.000,-12000.000,-40000.000,-154000.000,-106000.000,174000.000,15000.000,16000.000,23000.000,,11000.000,-9000.000,,0.000
OtherComprehensiveIncomeLossForeignCurrencyTransactionAndTranslationAdjustmentNetOfTax,,,-303000.000,180000.000,,13000.000,-430000.000,-75000.000,-2663000.000,1254000.000,956000.000,-4878000.000,-4240000.000,-6196000.000,1942000.000,-8305000.000,1014000.000,3085000.000,3637000.000,-243000.000,-954000.000,1153000.000
OtherComprehensiveIncomeLossNetOfTax,,,-375000.000,384000.000,,-56000.000,-694000.000,23000.000,-2668000.000,1242000.000,916000.000,-5032000.000,-4346000.000,-6022000.000,1957000.000,-8289000.000,1037000.000,3089000.000,3648000.000,-252000.000,-962000.000,1153000.000
OtherComprehensiveIncomeLossNetOfTaxPeriodIncreaseDecrease,,507000.000,,,,,,,,,,,,,,,,,,,,
OtherNonoperatingIncomeExpense,,,,,,,,347000.000,,235000.000,393000.000,365000.000,317000.000,263000.000,137000.000,315000.000,,314000.000,286000.000,562000.000,,515000.000
PaymentsForRepurchaseOfOtherEquity,,,,,,,,,,4000.000,,,,0.000,,,,,,,,
PaymentsForRestructuring,,,,,,,,,,,,,,986000.000,,,,2361000.000,,,,187000.000
PaymentsOfFinancingCosts,,,,,,500000.000,,,,0.000,,,,,,,,,,,,
PaymentsToAcquireAvailableForSaleSecurities,,,,,,83581000.000,,,,5705000.000,,,,8887000.000,,,,1283000.000,,,,0.000
PaymentsToAcquireInterestInJointVenture,,,,,,5500000.000,,,,8050000.000,,,,6631000.000,,,,2361000.000,,,,6569000.000
PaymentsToAcquireMarketableSecurities,,38979000.000,,,,,,,,,,,,,,,,,,,,
PaymentsToAcquirePropertyPlantAndEquipment,,4752000.000,,,,1189000.000,,,,2676000.000,,,,178000.000,,,,366000.000,,,,27000.000
ProceedsFromConvertibleDebt,,,,,,119750000.000,,,,0.000,,,,,,,,0.000,,,,
ProceedsFromIssuanceOfCommonStock,,1444000.000,,,,260000.000,,,,4914000.000,,,,87000.000,,,,263000.000,,,,690000.000
ProceedsFromIssuanceOfDebt,,,,,,10369000.000,,,,,,,,,,,,,,,,
ProceedsFromIssuanceOfPreferredStockAndPreferenceStock,,,,,,,,,,,,,,,,,,27293000.000,,,,0.000
ProceedsFromMaturitiesPrepaymentsAndCallsOfAvailableForSaleSecurities,,,,,,17618000.000,,,,32625000.000,,,,37411000.000,,,,9311000.000,,,,540000.000
ProceedsFromRepaymentsOfLinesOfCredit,,,,,,,,,,0.000,,,,,,,,,,,,
ProceedsFromSaleAndMaturityOfMarketableSecurities,,46565000.000,,,,,,,,,,,,,,,,,,,,
ProceedsFromSaleOfAvailableForSaleSecurities,,5409000.000,,,,,,,,2748000.000,,,,426000.000,,,,3016000.000,,,,0.000
ProceedsFromStockOptionsExercised,,-17000.000,,,,8000.000,,,,,,,,,,,,,,,,
ProceedsFromStockPlans,,,,,,516000.000,,,,709000.000,,,,313000.000,,,,,,,,
ProvisionForDoubtfulAccounts,,,,,,,,,,,,,,,,,,321000.000,,,,
RepaymentsOfDebt,,2743000.000,,,,14872000.000,,,,16000.000,,,,6000.000,,,,0.000,,,,
ResearchAndDevelopmentExpense,10866000.000,15361000.000,18381000.000,16534000.000,16108000.000,13720000.000,14915000.000,17556000.000,20381000.000,20835000.000,22064000.000,20571000.000,18210000.000,12554000.000,12747000.000,13207000.000,9586000.000,8231000.000,8276000.000,7708000.000,6901000.000,6968000.000
RestructuringAndRelatedCostIncurredCost,,,,,,,,,,,,,,424000.000,,,,,,,,
RestructuringCharges,,,,,,,,,,,,,,424000.000,-31000.000,-21000.000,4581000.000,1190000.000,49000.000,216000.000,-43000.000,626000.000
RestructuringCostsAndAssetImpairmentCharges,,,,,,,,,,,,,,424000.000,,,,0.000,,,,
RevenueFromRelatedParties,,,600000.000,800000.000,,800000.000,800000.000,3400000.000,3100000.000,,,,,,,,,,,,,
Revenues,8937000.000,13556000.000,13545000.000,8583000.000,8424000.000,6680000.000,11175000.000,10621000.000,11274000.000,12391000.000,15939000.000,17559000.000,14502000.000,12605000.000,11740000.000,11399000.000,10387000.000,10859000.000,9947000.000,4310000.000,-6634000.000,4519000.000
SalesRevenueGoodsNet,1886000.000,3996000.000,4077000.000,3773000.000,4613000.000,4000000.000,4915000.000,4797000.000,6250000.000,7348000.000,9022000.000,11623000.000,9353000.000,8821000.000,8307000.000,9133000.000,7039000.000,7272000.000,6355000.000,709000.000,-10853000.000,815000.000
SalesRevenueNet,8937000.000,13556000.000,13545000.000,8583000.000,8424000.000,6680000.000,11175000.000,10621000.000,11274000.000,12391000.000,15939000.000,17559000.000,14502000.000,12605000.000,11740000.000,11399000.000,10387000.000,10859000.000,9947000.000,4310000.000,-6634000.000,4519000.000
SellingGeneralAndAdministrativeExpense,11527000.000,14056000.000,13723000.000,13849000.000,15888000.000,14866000.000,15436000.000,15708000.000,16923000.000,20607000.000,21637000.000,25883000.000,22139000.000,21268000.000,20981000.000,19596000.000,18888000.000,16768000.000,16000000.000,11169000.000,-196000.000,9188000.000
ShareBasedCompensation,,3990000.000,,,,4005000.000,,,,6609000.000,,,,4070000.000,,,,2736000.000,,,,1663000.000
SharebasedCompensationArrangementBySharebasedPaymentAwardPurchasePriceOfCommonStockPercent,,,0.850,,,,,,,,,,,,,,,,,,,
StockIssued1,,,,,,,,,,0.000,,,,,,,,335000.000,,,,0.000
StockIssuedDuringPeriodValueIssuedForCash,,,,,,121000.000,,,,0.000,,,,,,,,,,,,
UnrealizedGainLossOnInvestments,,561000.000,,,,,,,,,,,,,,,,,,,,
WeightedAverageNumberOfShareOutstandingBasicAndDiluted,,,60377611.000,60678491.000,,61542509.000,61957939.000,64811632.000,-124100122.000,69212880.000,75963290.000,78866597.000,-148163559.000,79649561.000,80097866.000,80297757.000,-159879782.000,81949916.000,84379863.000,85837223.000,-166215002.000,98950000.000
WeightedAverageNumberOfSharesCommonStockSubjectToRepurchaseOrCancellation,,,67122.000,52780.000,,29610.000,19173.000,11463.000,-43817.000,1789.000,289.000,0.000,-1565.000,0.000,0.000,0.000,0.000,,,,,
WeightedAverageNumberOfSharesIssuedBasic,,,60444733.000,,,61572119.000,61977112.000,64823095.000,-124143939.000,69214669.000,75963579.000,78866597.000,-148165124.000,79649561.000,80097866.000,80297757.000,-159879782.000,,,,,
WeightedAverageNumberOfSharesOutstandingBasic,,,,60731271.000,,,,,,,,,,,,,,,,,,
