,2011-06-30,2011-09-30,2012-03-31,2012-06-30,2012-09-30,2012-12-31,2013-03-31,2013-06-30,2013-09-30,2013-12-31,2014-03-31,2014-06-30,2014-09-30,2014-12-31,2015-03-31,2015-06-30,2015-09-30,2015-12-31,2016-03-31,2016-06-30,2016-09-30,2016-12-31,2017-03-31
AccretionExpense,,,,,,,,,,,,,,,,,,,,,,,2002000.000
AmortizationOfDeferredCharges,2695000.000,1929000.000,2321000.000,2346000.000,2650000.000,2479000.000,2270000.000,2285000.000,2419000.000,2614000.000,2354000.000,2769000.000,3352000.000,5724000.000,20655000.000,20772000.000,21512000.000,22534000.000,23183000.000,23600000.000,24104000.000,23751000.000,17325000.000
AmortizationOfFinancingCosts,,,355000.000,,,,403000.000,,,,471000.000,,,,2072000.000,,,,1672000.000,,,,1672000.000
AmortizationOfIntangibleAssets,,,2321000.000,,,,2270000.000,,,,2354000.000,,,,31032000.000,20800000.000,21500000.000,12168000.000,23200000.000,23600000.000,24100000.000,23700000.000,17300000.000
AntidilutiveSecuritiesExcludedFromComputationOfEarningsPerShareAmount,,,,5600000.000,5500000.000,,,,,,5100000.000,7500000.000,8000000.000,,8400000.000,,8000000.000,,,17100000.000,18500000.000,,15700000.000
CapitalExpendituresIncurredButNotYetPaid,,,,,,,,,,,2233000.000,,,,1173000.000,,,,12424000.000,,,,2789000.000
CashAndCashEquivalentsPeriodIncreaseDecrease,,,,,,,,,,,,,,,,,,,-2696000.000,,,,8810000.000
ComprehensiveIncomeNetOfTax,,1622000.000,7273000.000,6867000.000,7316000.000,4451000.000,5721000.000,6679000.000,6373000.000,5894000.000,7490000.000,5105000.000,4837000.000,-6550000.000,-404000.000,-11930000.000,-6898000.000,-86991000.000,-13636000.000,-11231000.000,-8648000.000,-218391000.000,-3236000.000
ComprehensiveIncomeNetOfTaxIncludingPortionAttributableToNoncontrollingInterest,1016000.000,,,,,,,,,,,,,,,,,,,,,,
ConcentrationRiskPercentage1,,,,,,,,,,,,,0.100,,,,,,,,,,
CostsAndExpenses,,,,,,,,,,,,,,,,,,,201984000.000,207940000.000,210605000.000,357482000.000,214934000.000
Depreciation,2212000.000,1867000.000,1745000.000,1820000.000,1695000.000,1583000.000,1568000.000,1945000.000,1908000.000,1929000.000,1927000.000,1919000.000,1856000.000,3043000.000,10377000.000,10717000.000,10943000.000,13514000.000,12335000.000,12470000.000,12367000.000,12823000.000,10830000.000
DepreciationDepletionAndAmortization,,,,,,,,,,,,,,,,,,,35518000.000,,,,28155000.000
EarningsPerShareBasic,0.020,0.030,0.110,0.110,0.110,0.060,0.090,0.100,0.090,0.090,0.110,0.070,0.090,-0.090,0.010,-0.190,-0.090,-1.320,-0.200,-0.160,-0.120,-3.300,-0.050
EarningsPerShareDiluted,0.020,0.030,0.110,0.110,0.100,0.060,0.090,0.100,0.090,0.080,0.110,0.070,0.090,-0.090,0.010,-0.190,-0.090,-1.320,-0.200,-0.160,-0.120,-3.300,-0.050
EffectOfExchangeRateOnCashAndCashEquivalentsContinuingOperations,,,-655000.000,,,,-226000.000,,,,-79000.000,,,,-580000.000,,,,148000.000,,,,307000.000
EffectiveIncomeTaxRateContinuingOperations,,,,0.405,0.360,,0.370,0.378,0.369,-0.744,0.347,0.373,0.353,-0.671,0.812,0.410,0.393,-1.468,0.380,0.422,0.377,-1.325,-0.430
EffectiveIncomeTaxRateReconciliationAtFederalStatutoryIncomeTaxRate,,,,0.350,0.350,,0.350,,,,0.350,,,,0.350,,0.350,,0.350,0.350,0.350,-0.700,0.350
GainLossOnDispositionOfAssets1,,,,,,,,,,,-124000.000,,,,-2000.000,,,,-611000.000,,,,-436000.000
GainsLossesOnExtinguishmentOfDebt,,,,,,,,,,,,,,,0.000,-12977000.000,-87000.000,1000.000,,,,,
GainsLossesOnSalesOfAssets,,,57000.000,,,,9000.000,,,,,,,,,,,,,,,,
GoodwillImpairmentLoss,,,,,,,,,,,,,,,0.000,0.000,0.000,75008000.000,0.000,0.000,0.000,146299000.000,0.000
ImpairmentOfIntangibleAssetsFinitelived,,,,,,,,,,,,,,,,,,,0.000,0.000,0.000,,
ImpairmentOfLongLivedAssetsHeldForUse,,,,,,,,,,,0.000,,,,,,,,0.000,0.000,0.000,,
IncomeLossFromContinuingOperationsBeforeIncomeTaxesExtraordinaryItemsNoncontrollingInterest,,,,,,,,,,,,,,,,,,,,,,,-2454000.000
IncomeLossFromContinuingOperationsBeforeIncomeTaxesMinorityInterestAndIncomeLossFromEquityMethodInvestments,2535000.000,3196000.000,11213000.000,11900000.000,11057000.000,6293000.000,9738000.000,10900000.000,9165000.000,9082000.000,11467000.000,7539000.000,8775000.000,-7480000.000,2486000.000,-21599000.000,-10067000.000,-93903000.000,-21207000.000,-18682000.000,-13243000.000,-164651000.000,
IncomeTaxExpenseBenefit,1526000.000,1356000.000,4085000.000,4816000.000,3977000.000,1896000.000,3602000.000,4124000.000,3383000.000,3378000.000,3978000.000,2815000.000,3099000.000,-1731000.000,2017000.000,-8858000.000,-3957000.000,-7313000.000,-8056000.000,-7886000.000,-4989000.000,52627000.000,1054000.000
IncomeTaxesPaid,,,,,,,,,,,,,,,,,,,,,,,575000.000
IncomeTaxesPaidNet,,,191000.000,,,,85000.000,,,,303000.000,,,,712000.000,,,,273000.000,,,,
IncreaseDecreaseInAccountsAndOtherReceivables,,,,,,,,,,,,,,,-4716000.000,,,,-5749000.000,,,,-4423000.000
IncreaseDecreaseInAccountsPayable,,,7224000.000,,,,,,,,,,,,,,,,,,,,
IncreaseDecreaseInAccountsPayableAndAccruedLiabilities,,,,,,,4390000.000,,,,8139000.000,,,,,,,,8384000.000,,,,25161000.000
IncreaseDecreaseInAccruedLiabilities,,,-1367000.000,,,,,,,,,,,,,,,,,,,,
IncreaseDecreaseInDeferredIncomeTaxes,,,-3935000.000,,,,-3399000.000,,,,-3033000.000,,,,-1769000.000,,,,8343000.000,,,,-626000.000
IncreaseDecreaseInInventories,,,843000.000,,,,-97000.000,,,,1835000.000,,,,-4155000.000,,,,497000.000,,,,3739000.000
IncreaseDecreaseInOtherCurrentLiabilities,,,,,,,,,,,,,,,9213000.000,,,,,,,,
IncreaseDecreaseInOtherOperatingCapitalNet,,,,,,,,,,,,,,,,,,,-7340000.000,,,,-23062000.000
IncreaseDecreaseInOtherReceivables,,,-5246000.000,,,,1694000.000,,,,1008000.000,,,,,,,,,,,,
IncreaseDecreaseInPrepaidDeferredExpenseAndOtherAssets,,,-687000.000,,,,542000.000,,,,1357000.000,,,,547000.000,,,,-2047000.000,,,,3409000.000
IncreaseDecreaseInRestrictedCash,,,-255000.000,,,,,,,,46000.000,,,,-59000.000,,,,-44000.000,,,,125000.000
IncrementalCommonSharesAttributableToParticipatingNonvestedSharesWithNonForfeitableDividendRights,,,,39557.000,70.000,,,,,,,,,,,,,,,,,,
IncrementalCommonSharesAttributableToShareBasedPaymentArrangements,,,,1609000.000,1493000.000,,1185000.000,877000.000,1105000.000,-1976000.000,1460000.000,1117000.000,1158000.000,-2652000.000,869000.000,,,,,,,,
InterestExpense,4633000.000,4438000.000,4483000.000,4063000.000,3586000.000,,,,,,,,,,,,,,,,,,
InterestIncomeExpenseNonoperatingNet,,,,,,,,,,,,,,,,-24958000.000,-24696000.000,,-24992000.000,-24742000.000,-24815000.000,-24679000.000,-25057000.000
InterestPaid,,,3955000.000,,,,2777000.000,,,,1690000.000,,,,13162000.000,,,,8846000.000,,,,8243000.000
InventoryWriteDown,,,,,,,,,,,,,,,,,,,119000.000,,,,408000.000
InvestmentIncomeInterest,26000.000,24000.000,,,,,,,,,,,,,,,,,,,,,
NetCashProvidedByUsedInContinuingOperations,,,-14969000.000,,,,-82318000.000,,,,80312000.000,,,,55918000.000,,,,,,,,
NetCashProvidedByUsedInFinancingActivities,,,-31050000.000,,,,-7625000.000,,,,-3327000.000,,,,-16724000.000,,,,-2989000.000,,,,-2502000.000
NetCashProvidedByUsedInFinancingActivitiesContinuingOperations,,,-31050000.000,,,,-7625000.000,,,,-3327000.000,,,,-16724000.000,,,,-2989000.000,,,,-2502000.000
NetCashProvidedByUsedInInvestingActivities,,,-1545000.000,,,,-2903000.000,,,,-2879000.000,,,,-12594000.000,,,,-24559000.000,,,,-20353000.000
NetCashProvidedByUsedInInvestingActivitiesContinuingOperations,,,-1545000.000,,,,-2903000.000,,,,-2879000.000,,,,-12594000.000,,,,-24559000.000,,,,-20353000.000
NetCashProvidedByUsedInOperatingActivities,,,18281000.000,,,,-71564000.000,,,,86597000.000,,,,85816000.000,,,,24704000.000,,,,31358000.000
NetCashProvidedByUsedInOperatingActivitiesContinuingOperations,,,18281000.000,,,,-71564000.000,,,,86597000.000,,,,85816000.000,,,,24704000.000,,,,31358000.000
NetIncomeLoss,1009000.000,1840000.000,7128000.000,7084000.000,,,6136000.000,6776000.000,5782000.000,5704000.000,7489000.000,4724000.000,5676000.000,-5749000.000,469000.000,-12741000.000,-6110000.000,-86590000.000,-13151000.000,-10796000.000,-8254000.000,-217278000.000,-3508000.000
NetIncomeLossAvailableToCommonStockholdersBasic,,1840000.000,,,7080000.000,,,,,,,,,,,,,,,,,,
NonoperatingIncomeExpense,-4607000.000,-4414000.000,-4483000.000,-4063000.000,-3586000.000,-3387000.000,-3163000.000,-2733000.000,-2255000.000,-2114000.000,-1546000.000,-2083000.000,-1996000.000,-5131000.000,-25655000.000,-37935000.000,-24783000.000,-24980000.000,-24992000.000,-24742000.000,-24815000.000,-24679000.000,-25057000.000
OperatingCostsAndExpenses,,,,,,,133921000.000,135433000.000,134681000.000,129259000.000,137558000.000,135324000.000,134710000.000,151679000.000,179332000.000,190028000.000,194030000.000,,,,,,
OperatingIncomeLoss,7142000.000,7610000.000,15696000.000,15963000.000,14643000.000,9680000.000,12901000.000,13633000.000,11420000.000,11196000.000,13013000.000,9622000.000,10771000.000,376000.000,28141000.000,16336000.000,14716000.000,-68923000.000,3785000.000,6060000.000,11572000.000,-139972000.000,22603000.000
OtherComprehensiveIncomeForeignCurrencyTransactionAndTranslationAdjustmentNetOfTaxPortionAttributableToParent,,,,,,,,,,,,,,,,,,,,,,,272000.000
OtherComprehensiveIncomeForeignCurrencyTransactionAndTranslationGainLossArisingDuringPeriodNetOfTax,7000.000,-218000.000,145000.000,-217000.000,236000.000,54000.000,-415000.000,-97000.000,591000.000,190000.000,1000.000,381000.000,-839000.000,-801000.000,-873000.000,811000.000,-788000.000,-401000.000,-485000.000,-435000.000,-394000.000,-1113000.000,
OtherNoncashIncomeExpense,,,,,,,,,,,,,,,-231000.000,,,,38000.000,,,,
OtherNonoperatingIncomeExpense,,,,,,,-3163000.000,-2733000.000,-2255000.000,-2114000.000,-1546000.000,-2083000.000,-1996000.000,-7856000.000,-25655000.000,,,,,,,,
PaymentsForRepurchaseOfCommonStock,,,55000.000,,,,4587000.000,,,,2767000.000,,,,20000.000,,,,9000.000,,,,7000.000
PaymentsOfLoanCosts,,,,,,,,,,,,,,,252000.000,,,,480000.000,,,,
PaymentsToAcquireProductiveAssets,,,1800000.000,,,,2934000.000,,,,3025000.000,,,,12616000.000,,,,23613000.000,,,,17184000.000
ProceedsFromIncomeTaxRefunds,,,,,,,,,,,,,,,,,,,,,,,200000.000
ProceedsFromSaleOfProductiveAssets,,,,,,,31000.000,,,,192000.000,,,,1000.000,,,,10000.000,,,,
ProceedsFromStockOptionsExercised,,,1005000.000,,,,962000.000,,,,2440000.000,,,,1048000.000,,,,,,,,5000.000
ProfitLoss,1009000.000,,,,,,,,,,,,,,,,,,,,,,
ProvisionForDoubtfulAccounts,,,1190000.000,,,,2110000.000,,,,2014000.000,,,,2266000.000,,,,2444000.000,,,,2817000.000
RepaymentsOfLinesOfCredit,,,,,,,,,,,,,,,,,,,2500000.000,,,,2500000.000
RepaymentsOfLongTermLinesOfCredit,,,32000000.000,,,,4000000.000,,,,3000000.000,,,,17500000.000,,,,,,,,
ResearchAndDevelopmentExpense,,,,,,,,,,,,,,,5436000.000,4470000.000,5463000.000,3729000.000,5368000.000,4671000.000,4460000.000,4857000.000,4543000.000
RestrictedStockSharesIssuedNetOfSharesForTaxWithholdings,,,,,,,6000.000,4000.000,1100.000,3900.000,31000.000,12000.000,3000.000,9000.000,2845.000,2599.000,2456.000,24717.000,2588.000,,,,
RestrictedStockValueSharesIssuedNetOfTaxWithholdings,,,,,,,100000.000,29000.000,8200.000,-28200.000,300000.000,100000.000,27400.000,31600.000,19743.000,20167.000,14214.000,145876.000,8933.000,,,,
Revenues,135052000.000,136888000.000,151065000.000,147465000.000,149824000.000,136132000.000,146822000.000,149066000.000,146101000.000,140455000.000,150571000.000,144946000.000,145481000.000,152055000.000,207473000.000,206364000.000,208746000.000,204416000.000,205769000.000,214000000.000,222177000.000,217510000.000,237537000.000
SalesRevenueNet,135052000.000,136888000.000,151065000.000,147465000.000,149824000.000,136132000.000,146822000.000,149066000.000,146101000.000,140455000.000,150571000.000,144946000.000,145481000.000,152055000.000,207473000.000,206364000.000,208746000.000,204416000.000,205769000.000,214000000.000,222177000.000,217510000.000,237537000.000
SellingAndMarketingExpense,,,,,,,,,,,200000.000,200000.000,200000.000,500000.000,300000.000,500000.000,1100000.000,-1000000.000,200000.000,,,,
ShareBasedCompensation,,,843000.000,,,,1171000.000,,,,2057000.000,,,,1793000.000,,,,1061000.000,,,,1412000.000
ShareBasedCompensationArrangementByShareBasedPaymentAwardNumberOfAdditionalSharesAuthorized,,,,,,,3174000.000,,,,1978000.000,,,,,,,,,,,,
SharesPaidForTaxWithholdingForShareBasedCompensation,,,,,,,,,,,,,,,,,,,,2324.000,2223.000,,2574.000
StockIssuedDuringPeriodSharesStockOptionsExercised,,,,,,,,,,,,,,,,,,,0.000,,,,
StockRepurchasedDuringPeriodShares,,,,,,,600000.000,1000000.000,400000.000,600000.000,300000.000,500000.000,700000.000,0.000,,,,,,,,,
StockRepurchasedDuringPeriodValue,,,,,,,4700000.000,7000000.000,2800000.000,3700000.000,2500000.000,3700000.000,5500000.000,0.000,,,,,,,,,
TreasuryStockValueAcquiredCostMethod,,,,,,,,,,,,,,,,2599.000,,,,,,,
WeightedAverageNumberOfDilutedSharesOutstanding,64094000.000,64751000.000,66190000.000,67383000.000,67601000.000,-133837000.000,67882000.000,66993000.000,66630000.000,-134300000.000,67370000.000,67087000.000,66747000.000,-134341000.000,66492000.000,65844000.000,65941000.000,-132423000.000,66034000.000,66041000.000,66049000.000,-132074000.000,66090000.000
WeightedAverageNumberOfSharesOutstandingBasic,63969000.000,64712000.000,65134000.000,65774000.000,66108000.000,-131083000.000,66697000.000,66116000.000,65525000.000,-132324000.000,65910000.000,65970000.000,65589000.000,-131689000.000,65623000.000,65844000.000,65941000.000,-131554000.000,66034000.000,66041000.000,66049000.000,-132074000.000,66090000.000
