,2011-09-30,2012-03-31,2012-06-30,2012-09-30,2012-12-31,2013-03-31,2013-06-30,2013-09-30,2013-12-31,2014-03-31,2014-06-30,2014-09-30,2014-12-31,2015-03-31,2015-06-30,2015-09-30,2015-12-31,2016-03-31,2016-06-30,2016-09-30,2016-12-31,2017-03-31
AmortizationOfDebtDiscountPremium,,,,,,,,,,,,,,,,,,65465.000,,,,
AmortizationOfIntangibleAssets,,,59646.000,59531.000,,,,,,27798.000,27582.000,,,27706.000,27914.000,27179.000,26570.000,,,,,
AssetImpairmentCharges,,,,,,,,,,,,,,3020576.000,,,,2861862.000,,,,
CashAndCashEquivalentsPeriodIncreaseDecrease,,-1656589.000,,,,-6557217.000,,,,-4676985.000,,,,-2755507.000,,,,-1959249.000,,,,-1435.000
ComprehensiveIncomeNetOfTax,3434920.000,1520962.000,1679763.000,1421368.000,-1831052.000,1096442.000,1926045.000,818459.000,-1597198.000,-1874412.000,-1780790.000,-1753519.000,-21766467.000,-2495157.000,-2127350.000,-158456.000,-8788320.000,-908439.000,4394578.000,-311072.000,-1027819.000,76646.000
ComprehensiveIncomeNetOfTaxAttributableToNoncontrollingInterest,41831.000,7430.000,3095.000,3057.000,84.000,1252.000,-2029.000,-3043.000,2990.000,-1676.000,-6257.000,-2010.000,-12806.000,-308.000,-437.000,-93.000,912.000,-9.000,158.000,-99.000,-1459.000,-285.000
ComprehensiveIncomeNetOfTaxIncludingPortionAttributableToNoncontrollingInterest,3476751.000,1528392.000,1682858.000,1424425.000,-1830968.000,1097694.000,1924016.000,815416.000,-1594208.000,-1876088.000,-1787047.000,-1755529.000,-21779273.000,-2495465.000,-2127787.000,-158549.000,-8787408.000,-908448.000,4394736.000,-311171.000,-1029278.000,76361.000
ConcentrationRiskPercentage1,,,,,,,0.220,0.270,,,,,,,,,,,,,,
CostOfRevenue,91356637.000,103915001.000,146999242.000,167673580.000,161469895.000,105397347.000,108441227.000,123918829.000,114622013.000,105551253.000,112665784.000,91280660.000,88331767.000,86868320.000,92856032.000,149129426.000,114090938.000,136112906.000,93173641.000,95671721.000,139140979.000,110069887.000
DebtConversionOriginalDebtInterestRateOfDebt,,,,,,,,,,0.060,,,,0.060,,,,0.060,,,,
DebtInstrumentPeriodicPaymentPrincipal,,,,,,,,,,19600000.000,,,,19600000.000,,,,18600000.000,,,,
DepreciationAndAmortization,,,33586.000,39080.000,,28153.000,28508.000,28153.000,220045.000,644807.000,639092.000,614538.000,614697.000,589857.000,580497.000,561521.000,540038.000,530599.000,26488.000,22811.000,-499189.000,21879.000
DepreciationAndAmortizationDiscontinuedOperations,,,,,,,,,,,,,,,,,,,347737.000,0.000,,
DepreciationDepletionAndAmortization,,110310.000,,,,28153.000,,,,672605.000,,,,617563.000,,,,530599.000,26488.000,22811.000,-499189.000,21879.000
DiscontinuedOperationAmountOfAdjustmentToPriorPeriodGainLossOnDisposalBeforeIncomeTax,,,,,,,,,,,,,,,,,,,5565026.000,,,
DiscontinuedOperationAmountOfAdjustmentToPriorPeriodGainLossOnDisposalNetOfTax,,,,,,,,,,,,,,,,,,,5664104.000,,,
DiscontinuedOperationGainLossFromDisposalOfDiscontinuedOperationBeforeIncomeTax,,,,,,,,,,,,,,,,,,,5565026.000,,,
DiscontinuedOperationGainLossOnDisposalOfDiscontinuedOperationNetOfTax,,,,,,,,,,,,,,,,,,,6701350.000,,,
DiscontinuedOperationTaxEffectOfAdjustmentToPriorPeriodGainLossOnDisposal,,,,,,,,,,,,,,,,,,,-99078.000,,,
DisposalGroupIncludingDiscontinuedOperationOperatingExpense,,,,,,,,,,,,,,,,,,,411990.000,,,
DisposalGroupIncludingDiscontinuedOperationOperatingIncomeLoss,,,,,,,,,,,,,,,,,,,-411990.000,,,
DisposalGroupIncludingDiscontinuedOperationOtherExpense,,,,,,,,,,,,,,,,,,,724334.000,,,
EarningsPerShareBasicAndDiluted,0.110,0.070,0.070,0.410,0.140,0.270,0.220,0.150,-0.500,-0.330,-0.460,-0.440,-5.430,-0.660,-0.560,0.310,-2.070,-0.260,1.280,-0.050,0.020,-0.030
EffectOfExchangeRateOnCashAndCashEquivalents,,-517.000,,,,37884.000,,,,-89395.000,,,,25096.000,,,,19719.000,,,,22203.000
EntityWideRevenueMajorCustomerPercentage,,,0.180,0.180,,0.130,,,,,,,,,,,,,,,,
FinancingInterestExpense,,,989723.000,560800.000,,569976.000,672185.000,560800.000,734944.000,972638.000,1083864.000,1138879.000,934920.000,700314.000,925841.000,946254.000,634046.000,676867.000,,539650.000,,465040.000
ForeignCurrencyTransactionGainLossBeforeTax,,,,,,,,,,,,,,,,,,,,,,1143.000
ForeignCurrencyTransactionLossBeforeTax,,,,,,166151.000,20219.000,12254.000,19140.000,96.000,72318.000,75754.000,-1776.000,,-162.000,29.000,,,,,,
GainLossOnDispositionOfAssets1,,,,,,,,,,11694.000,246.000,-203.000,-111.000,,-8254.000,,,5702.000,,,,
GainLossOnDispositionOfProperty,,-45596.000,-26478.000,-12719.000,-87250.000,,,,,,,,,,,,,,,,,
GainLossOnSaleOfEquityInvestments,,,,,,,,,,-295264.000,-193121.000,-160522.000,-11852.000,-293791.000,-202213.000,73878.000,507040.000,,,,,
GainLossOnSaleOfPropertyPlantEquipment,,-45596.000,,,,,,,,11694.000,,,,,,,,5702.000,,,,
GeneralAndAdministrativeExpense,519739.000,841276.000,398519.000,343749.000,452892.000,593363.000,359336.000,479922.000,1742159.000,1244832.000,1122147.000,1040674.000,2875492.000,1057399.000,922488.000,939979.000,1204031.000,1020489.000,426480.000,460664.000,-38477.000,612623.000
GoodwillImpairmentLoss,,,0.000,0.000,,,,,,,,,,,,,,,,,,
GoodwillTranslationAdjustments,,,,,,,,,,-168488.000,,,,19315.000,,,,,,,,
GrossProfit,4256954.000,3530585.000,3048726.000,2783241.000,1894834.000,2227719.000,1815083.000,1570537.000,1242302.000,1423797.000,1020983.000,1096470.000,898897.000,481842.000,832381.000,2492328.000,1380474.000,1278100.000,645744.000,621901.000,415777.000,463894.000
IncomeLossFromContinuingOperations,,,,,,,,,,,,,,,,,,,-477722.000,-200035.000,,-135327.000
IncomeLossFromContinuingOperationsAttributableToNoncontrollingEntity,,,,,,,,,,,,,,,,,,,477875.000,200000.000,,135246.000
IncomeLossFromContinuingOperationsBeforeIncomeTaxesExtraordinaryItemsNoncontrollingInterest,3410375.000,2325376.000,2315590.000,2112685.000,-2576946.000,1443823.000,1120639.000,808857.000,-1222144.000,-1552911.000,-2087516.000,-1976030.000,-22652294.000,-2896941.000,-2372106.000,1097370.000,-8570337.000,-1142686.000,-455954.000,-200035.000,1169358.000,-229906.000
IncomeLossFromContinuingOperationsPerBasicAndDilutedShare,,,,,,,,,,,,,,,,,,,-0.120,-0.050,,-0.030
IncomeLossFromDiscontinuedOperationsNetOfTax,,,,,,,,,,,,,,,,,,,5664104.000,,,
IncomeLossFromDiscontinuedOperationsNetOfTaxAttributableToNoncontrollingInterest,,,,,,,,,,,,,,,,,,,-5664104.000,,,
IncomeLossFromDiscontinuedOperationsNetOfTaxPerBasicAndDilutedShare,,,,,,,,,,,,,,,,,,,1.400,,,
IncomeTaxExpenseBenefit,901453.000,736589.000,663084.000,591893.000,-395387.000,435500.000,321148.000,257518.000,620352.000,-205873.000,-234537.000,-203753.000,-740940.000,-230077.000,-126189.000,-151387.000,-218413.000,-81744.000,21768.000,,,-94579.000
IncomeTaxesPaid,,736589.000,,,,544000.000,,,,,,,,,,,,,,,,
IncomeTaxesPaidNet,,,,,,,,,,,,,,,,,,62466.000,,,,
IncreaseDecreaseInAccountsPayable,,-1505.000,,,,262260.000,,,,190380.000,,,,1196026.000,,,,1983994.000,,,,990532.000
IncreaseDecreaseInAccountsReceivable,,-15902.000,,,,3353088.000,,,,327033.000,,,,-172111.000,,,,,,,,1451763.000
IncreaseDecreaseInAccruedIncomeTaxesPayable,,-30820.000,,,,108500.000,,,,57823.000,,,,,,,,3503.000,,,,-94579.000
IncreaseDecreaseInAccruedLiabilities,,-34984.000,,,,-36527.000,,,,164962.000,,,,13919.000,,,,-26560.000,,,,18193.000
IncreaseDecreaseInCustomerDeposits,,19849649.000,,,,12388325.000,,,,1670872.000,,,,9011191.000,,,,6461553.000,,,,-4805254.000
IncreaseDecreaseInDeferredRevenue,,-72992.000,,,,-9227.000,,,,-21101.000,,,,262714.000,,,,-8140.000,,,,6315.000
IncreaseDecreaseInDueToOfficersAndStockholdersCurrent,,0.000,,,,,,,,,,,,,,,,,,,,
IncreaseDecreaseInInventories,,-877760.000,,,,-14086651.000,,,,2566324.000,,,,-808693.000,,,,10321688.000,,,,-1136529.000
IncreaseDecreaseInNotesPayableCurrent,,12703454.000,,,,,,,,-9810975.000,,,,3259559.000,,,,15291689.000,,,,-14517627.000
IncreaseDecreaseInNotesReceivableCurrent,,7145693.000,,,,1593143.000,,,,,,,,,,,,,,,,
IncreaseDecreaseInPrepaidExpense,,-66181.000,,,,-16308.000,,,,33479.000,,,,3598.000,,,,-3142.000,,,,-344638.000
IncreaseDecreaseInRestrictedCashForOperatingActivities,,-1751337.000,,,,-1082394.000,,,,-10270967.000,,,,5438791.000,,,,15046585.000,,,,-12808420.000
InterestExpense,0.000,86024.000,140620.000,154883.000,149774.000,76636.000,142439.000,234552.000,545733.000,1322583.000,1719897.000,1770518.000,1844370.000,1918797.000,1894223.000,1727801.000,1896544.000,1591503.000,526993.000,202803.000,-802283.000,206344.000
InterestIncomeOther,,,,,,,,,,,,,,84868.000,30563.000,116150.000,96079.000,368016.000,18113.000,18811.000,136130.000,16269.000
InterestPaid,,1213210.000,,,,788038.000,,,,1590426.000,,,,5291550.000,,,,1554729.000,,,,667892.000
InventoryLIFOReservePeriodCharge,,,,,,,,,,-142203.000,,,,,,,,,,,,
LineOfCreditFacilityIncreaseDecreaseForPeriodNet,,6989185.000,,,,-28162474.000,,,,-28655094.000,,,,780731.000,,,,12176165.000,,,,7660527.000
LineOfCreditFacilityInterestRateDuringPeriod,,,,,,,,,,,,,,,,,,,5547.350,,,
NetCashProvidedByUsedInFinancingActivities,,6742387.000,,,,-12736332.000,,,,9477028.000,,,,5280.000,,,,-4680127.000,,,,99998.000
NetCashProvidedByUsedInFinancingActivitiesContinuingOperations,,6742387.000,,,,-12736332.000,,,,9477028.000,,,,5280.000,,,,-4680127.000,,,,99998.000
NetCashProvidedByUsedInInvestingActivities,,0.000,,,,-1864.000,,,,-1290828.000,,,,,,,,-111873.000,,,,-1278.000
NetCashProvidedByUsedInInvestingActivitiesContinuingOperations,,0.000,,,,-1864.000,,,,-1290828.000,,,,,,,,-111873.000,,,,-1278.000
NetCashProvidedByUsedInOperatingActivities,,-8398459.000,,,,6143095.000,,,,-12773790.000,,,,-2785883.000,,,,2813032.000,,,,-122358.000
NetCashProvidedByUsedInOperatingActivitiesContinuingOperations,,-8398459.000,,,,6143095.000,,,,-12773790.000,,,,-2785883.000,,,,2813032.000,,,,-122358.000
NetIncomeLoss,2477747.000,1581477.000,1649461.000,1517549.000,-2181400.000,1007335.000,800484.000,553275.000,-1836834.000,-1346167.000,-1846254.000,-1770213.000,-21900663.000,-2666441.000,-2245363.000,1248880.000,-8351670.000,-1060917.000,5186382.000,-200035.000,56922.000,-135327.000
NetIncomeLossAttributableToNoncontrollingInterest,31175.000,7310.000,3045.000,3243.000,-159.000,988.000,-993.000,-1936.000,-5662.000,-871.000,-6725.000,-2064.000,-10691.000,-423.000,-554.000,-123.000,-254.000,-25.000,153.000,-35.000,1211.000,-81.000
NetIncomeLossAvailableToCommonStockholdersBasic,,,,,,,,,,,,,,,,,,,5186229.000,-200000.000,,-135246.000
NonoperatingIncomeExpense,37898.000,-118256.000,-151904.000,-39435.000,904106.000,-20499.000,-142300.000,-122266.000,-493507.000,-1545349.000,-1787080.000,-1749787.000,-1443257.000,-2127720.000,-2073965.000,-1747440.000,-1292767.000,-1216216.000,-506994.000,-180901.000,1041448.000,-188932.000
OperatingExpenses,884477.000,1086953.000,581232.000,631121.000,5375886.000,763397.000,552144.000,639414.000,1970939.000,1431359.000,1321419.000,1322713.000,22107934.000,1251063.000,1130522.000,-352482.000,8658044.000,1204570.000,594704.000,641035.000,287867.000,504868.000
OperatingIncomeLoss,3372477.000,2443632.000,2467494.000,2152120.000,-3481052.000,1464322.000,1262939.000,931123.000,-728637.000,-7562.000,-300436.000,-226243.000,-21209037.000,-769221.000,-298141.000,2844810.000,-7277570.000,73530.000,51040.000,-19134.000,127910.000,-40974.000
OtherComprehensiveIncomeForeignCurrencyTransactionAndTranslationAdjustmentNetOfTaxPeriodIncreaseDecrease,967829.000,-60395.000,,,,,,,,,,,,,,,,,,,,
OtherComprehensiveIncomeLossForeignCurrencyTransactionAndTranslationAdjustmentBeforeTax,,,30352.000,-96367.000,,89371.000,1124525.000,264077.000,248288.000,-529050.000,65932.000,16748.000,132081.000,171399.000,118130.000,-1407306.000,-435484.000,152494.000,-791646.000,-111136.000,-1086225.000,211688.000
OtherNonoperatingIncomeExpense,22043.000,0.000,-114.000,,,,,,,,,488.000,,,,,,1569.000,1886.000,3091.000,,
PaymentsToAcquirePropertyPlantAndEquipment,,0.000,,,,-1864.000,,,,652.000,,,,,,,,120436.000,,,,1278.000
ProceedsFromCollectionOfFinanceReceivables,,,,,,,,,,,,,,,,,,,,,,290353.000
ProceedsFromCollectionOfNotesReceivable,,,1585063.000,,,,,,,,,,,,,,,,,,,
ProceedsFromRepaymentsOfBankOverdrafts,,,,,,,,,,-3122.000,,,,-28050.000,,,,168552.000,,,,
ProceedsFromSaleOfNotesReceivable,,,,17882576.000,,3191523.000,,,,,,,,,,,,,,,,
ProceedsFromSaleOfPropertyPlantAndEquipment,,0.000,,,,,,,,17954.000,,,,,,,,8563.000,,,,
ProceedsFromShortTermDebt,,6242480.000,,,,5842297.000,,,,31875389.000,,,,17927573.000,,,,28442541.000,,,,4355288.000
ProfitLoss,2508922.000,1588787.000,1652506.000,1520792.000,-2181559.000,1008323.000,799491.000,551339.000,-1842496.000,-1347038.000,-1852979.000,-1772277.000,-21911354.000,-2666864.000,-2245917.000,1248757.000,-8351924.000,-1060942.000,,,,
RepaymentsOfShortTermDebt,,,,,,18582569.000,,,,3254646.000,,,,17927573.000,,,,33452706.000,,,,4355288.000
Revenues,95613591.000,107445586.000,150047968.000,170456821.000,163364729.000,107625066.000,110256310.000,125489366.000,115864315.000,106975050.000,113686767.000,92377130.000,89230664.000,87350162.000,93688413.000,151621754.000,115471412.000,137391006.000,93819385.000,96293622.000,139556756.000,110533781.000
SalesRevenueNet,95613591.000,107445586.000,150047968.000,170456821.000,163364729.000,107625066.000,110256310.000,125489366.000,115864315.000,106975050.000,113686767.000,92377130.000,89230664.000,87350162.000,93688413.000,151621754.000,115471412.000,137391006.000,93819385.000,96293622.000,139556756.000,110533781.000
SellingAndMarketingExpense,364738.000,245677.000,182713.000,287372.000,261793.000,170034.000,192808.000,159492.000,228780.000,186527.000,199272.000,282039.000,187250.000,193664.000,208034.000,232433.000,211766.000,184081.000,168224.000,180371.000,168252.000,182598.000
WeightedAverageNumberOfShareOutstandingBasicAndDiluted,,,22163427.000,3693912.000,,3694394.000,3694394.000,3694394.000,-7359911.000,4034494.000,4034494.000,4034494.000,-8068988.000,4034494.000,4034494.000,4034494.000,-8068988.000,4034494.000,4034494.000,4034494.000,-8068988.000,4034494.000
