,2011-06-30,2011-09-30,2012-03-31,2012-06-30,2012-09-30,2012-12-31,2013-03-31,2013-06-30,2013-09-30,2013-12-31,2014-03-31,2014-06-30,2014-09-30,2014-12-31,2015-03-31,2015-06-30,2015-09-30,2015-12-31,2016-03-31,2016-06-30,2016-09-30
AllocatedShareBasedCompensationExpense,,,,15000.000,,,,,,,,,,,,,,,334826.000,,
AmortizationOfDebtDiscountPremium,,,,,,,,,,,,,,,14624.000,,,,,,
AmortizationOfFinancingCosts,,,,,,,,,,,,,,,,,598255.000,,0.000,,
AmortizationOfFinancingCostsAndDiscounts,,,,,,,,,,,,,,,16878.000,,,,2605.000,,
AntidilutiveSecuritiesExcludedFromComputationOfEarningsPerShareAmount,,,,,,,43514209.000,,,,45730516.000,,,,59761901.000,,,,4932932.000,,
CapitalizedComputerSoftwareAdditions,,,,,,,,,,,,,,,,,,,,224804.000,396145.000
CashAndCashEquivalentsPeriodIncreaseDecrease,,,-633381.000,,,,57916.000,,,,-152697.000,,,,-356466.000,,,,-3183438.000,,
CostOfGoodsSoldDirectMaterials,378511.000,484845.000,442404.000,306277.000,234647.000,619541.000,519629.000,397307.000,655491.000,984310.000,697907.000,799361.000,411486.000,662605.000,453342.000,366703.000,422940.000,1174776.000,576471.000,764844.000,524460.000
CostOfRevenue,413429.000,519763.000,663715.000,464211.000,387304.000,826925.000,742226.000,629385.000,962874.000,1134355.000,920413.000,1042014.000,654968.000,1027100.000,757034.000,688197.000,725240.000,1675217.000,943140.000,1119237.000,892212.000
CostOfServicesAmortization,34918.000,34918.000,,,,,,,,,,,,,,,,,,,
CostOfServicesLicensesAndServices,,,221311.000,157934.000,152657.000,-229096.000,222597.000,232078.000,307383.000,150045.000,222506.000,242653.000,243482.000,364495.000,303692.000,321494.000,302300.000,500441.000,366669.000,354393.000,367752.000
DebtConversionConvertedInstrumentSharesIssued1,,,,,,,,,,,200000.000,,1204844.000,,,,70289.000,,,,
DebtConversionOriginalDebtAmount1,,,,,,,19100.000,,,,20000.000,,,,0.000,,689455.000,,0.000,,
DebtInstrumentConvertibleBeneficialConversionFeature,,,,,,,,,,,,,,,341304.000,,,,,,
DebtInstrumentIncreaseDecreaseForPeriodNet,,,,,,,,,,,,,,,,,,,0.000,,
DeferredRevenueAdditions,,,,,,,,,,,,,,,,,,,,1408000.000,2071000.000
Depreciation,,,,,,,,,,,,,,,,,,,15523.000,26637.000,27956.000
DepreciationAndAmortization,11126.000,8346.000,,,,,,,,,,,,,,,,,,,
DepreciationDepletionAndAmortization,,,117901.000,,,,119507.000,,,,119369.000,,,,13627.000,,,,15523.000,,
DividendsPreferredStock,,,26178.000,,,,,,,,,,,,,,,,,,
DividendsPreferredStockPaidinkind,,,,12458.000,6338.000,,,,,,,,,,15390.000,,,,0.000,,
EarningsPerShareBasic,0.000,0.000,,,,,,,,,,,,,,,,,,,
EarningsPerShareBasicAndDiluted,,,-0.010,-0.010,-0.010,0.000,0.000,0.000,-0.010,-0.010,0.000,0.000,0.000,-0.020,0.000,-0.010,-0.380,-1.040,-0.260,-0.350,-0.300
EarningsPerShareDiluted,0.000,0.000,,,,,,,,,,,,,,,,,,,
GainLossOnDispositionOfAssets,,,,1790.000,-5024.000,,,,,,,,,,,,,,,,
GainLossOnDispositionOfAssets1,,,,,,,,,,,-345.000,,3754.000,,-1854.000,,,,505.000,,
GainLossOnSaleOfPropertyPlantEquipment,,,,,,,,,,,,,,,,,,,505.000,,
GainLossRelatedToLitigationSettlement,,85000.000,,,,,,,,,,,,,,,,,,,
GainsLossesOnSalesOfAssets,1419.000,266.000,,,,,,1791.000,0.000,,-345.000,-1246.000,,,,,,,,,
GeneralAndAdministrativeExpense,,,297778.000,322523.000,407486.000,242709.000,363140.000,362623.000,308069.000,363077.000,433173.000,359310.000,370097.000,1797682.000,415204.000,589214.000,577143.000,890335.000,914261.000,1190715.000,1127896.000
GrossProfit,175469.000,199553.000,78156.000,244493.000,253873.000,306281.000,408903.000,240462.000,249267.000,358145.000,567407.000,537577.000,647299.000,513550.000,413852.000,558394.000,538306.000,777172.000,338956.000,171433.000,555150.000
IncomeLossFromContinuingOperationsBeforeIncomeTaxesMinorityInterestAndIncomeLossFromEquityMethodInvestments,-557735.000,-485240.000,-934953.000,-1066909.000,-1151882.000,-1028898.000,-729283.000,-982328.000,-882770.000,-1020475.000,-746774.000,-605519.000,-665908.000,-2205266.000,-920072.000,-1111366.000,-1509464.000,-2873328.000,-2230094.000,-3083970.000,-2665126.000
IncomeTaxExpenseBenefit,0.000,0.000,0.000,0.000,0.000,0.000,0.000,0.000,0.000,0.000,0.000,0.000,0.000,0.000,0.000,0.000,0.000,0.000,0.000,0.000,0.000
IncomeTaxesPaid,,,3374.000,,,,1800.000,,,,1953.000,,,,1598.000,,,,1598.000,,
IncreaseDecreaseInAccountsPayableAndAccruedLiabilities,,,-93702.000,,,,-13245.000,,,,-64436.000,,,,-2666.000,,,,-1159519.000,,
IncreaseDecreaseInAccountsReceivable,,,-9047.000,,,,123107.000,,,,-23053.000,,,,-36623.000,,,,13973.000,,
IncreaseDecreaseInDeferredRevenue,,,177600.000,,,,664227.000,,,,-173752.000,,,,-109047.000,,,,-99351.000,,
IncreaseDecreaseInInventories,,,,,,,35341.000,,,,-135479.000,,,,79930.000,,,,-35137.000,,
IncreaseDecreaseInOtherReceivables,,,,,,,,,,,,,,,,,,,-113000.000,,
IncreaseDecreaseInPrepaidDeferredExpenseAndOtherAssets,,,,,,,-4066.000,,,,-2756.000,,,,-71029.000,,,,64258.000,,
IncreaseDecreaseInPrepaidExpense,,,-4881.000,,,,,,,,,,,,,,,,,,
InterestExpense,15708.000,4499.000,5870.000,7521.000,6579.000,5428.000,4729.000,4852.000,5244.000,14208.000,10702.000,44829.000,48323.000,73439.000,68733.000,170177.000,-16657.000,980930.000,11994.000,35930.000,29574.000
InterestPaid,,,13896.000,,,,6716.000,,,,6650.000,,,,3407.000,,,,12145.000,,
InvestmentIncomeInterest,396.000,25.000,4.000,10.000,8.000,1.000,0.000,6.000,0.000,1.000,,0.000,0.000,,,,,,,,1307.000
IssuanceOfStockAndWarrantsForServicesOrClaims,,,,,,,,,,,,,,,,,,,89571.000,,
LaborAndRelatedExpense,519005.000,574047.000,,,,,,,,,,,,,,,,,,,
LeaseAndRentalExpense,24036.000,25072.000,,,,,,,,,,,,,,,,,,,
LicenseAndServicesRevenue,,,359368.000,342100.000,373172.000,486829.000,397267.000,416689.000,487413.000,479421.000,582889.000,644675.000,701424.000,733249.000,668229.000,747313.000,730577.000,1166858.000,844237.000,841834.000,868555.000
LicensesRevenue,194152.000,292525.000,,,,,,,,,,,,,,,,,,,
NetCashProvidedByUsedInFinancingActivities,,,15535.000,,,,85642.000,,,,506949.000,,,,539935.000,,,,-63654.000,,
NetCashProvidedByUsedInFinancingActivitiesContinuingOperations,,,15535.000,,,,85642.000,,,,506949.000,,,,539935.000,,,,-63654.000,,
NetCashProvidedByUsedInInvestingActivities,,,-6846.000,,,,0.000,,,,-3618.000,,,,-5081.000,,,,-112116.000,,
NetCashProvidedByUsedInInvestingActivitiesContinuingOperations,,,-6846.000,,,,0.000,,,,-3618.000,,,,-5081.000,,,,-112116.000,,
NetCashProvidedByUsedInOperatingActivities,,,-642070.000,,,,-27726.000,,,,-656028.000,,,,-891320.000,,,,-3007668.000,,
NetCashProvidedByUsedInOperatingActivitiesContinuingOperations,,,-642070.000,,,,-27726.000,,,,-656028.000,,,,-891320.000,,,,-3007668.000,,
NetIncomeLoss,-557735.000,-485240.000,-934953.000,-1066909.000,-1151882.000,-1028898.000,-729283.000,-982328.000,-882770.000,-1020475.000,-746774.000,-605519.000,-665908.000,-2205266.000,-920072.000,-1111366.000,-1509464.000,-2873328.000,-2230094.000,-3083970.000,-2665126.000
NetIncomeLossAvailableToCommonStockholdersBasic,-583913.000,-511706.000,-961131.000,-1093087.000,-1178348.000,-1055364.000,-755173.000,-1008506.000,-1086236.000,-989941.000,-772664.000,-631697.000,-692374.000,-2231732.000,-945962.000,-1137544.000,-1535930.000,-2885986.000,-2230094.000,-3083970.000,-2665126.000
NonoperatingIncomeExpense,-13893.000,80792.000,-5866.000,-5721.000,-11595.000,-7728.000,-4729.000,-3055.000,-5244.000,-14207.000,-11047.000,-46075.000,-44569.000,-65902.000,-68733.000,-170177.000,-591298.000,-1557894.000,-11280.000,,-28267.000
NotesIssued1,,,24160.000,,,,,,,,,,,,,,,,,,
OperatingExpenses,719311.000,765585.000,1007243.000,1305681.000,1394160.000,1327451.000,1133457.000,1219735.000,1126793.000,1364413.000,1303134.000,1097021.000,1268638.000,2652914.000,1265191.000,1499583.000,1456472.000,2092606.000,2557770.000,3219473.000,3192009.000
OperatingIncomeLoss,-543842.000,-566032.000,-929087.000,-1061188.000,-1140287.000,-1021170.000,-724554.000,-979273.000,-877526.000,-1006268.000,-735727.000,-559444.000,-621339.000,-2139364.000,-851339.000,-941189.000,-918166.000,-1315434.000,-2218814.000,-3048040.000,-2636859.000
OtherCostAndExpenseOperating,74475.000,39130.000,,,,,,,,,,,,,,,,,,,
OtherGeneralAndAdministrativeExpense,90669.000,118990.000,,,,,,,,,,,,,,,,,,,
OtherNoncashExpense,,,15000.000,,,,15000.000,,,,0.000,,,,,,,,,,
OtherNonoperatingExpense,,,,,,,,,,,,,,,,,,,,,0.000
OtherNonoperatingIncomeExpense,,,,,,,,,,,,,,,,0.000,-9700.000,,714.000,,
OtherSignificantNoncashTransactionValueOfConsiderationGiven1,,,,,,,,,,,,,,,11254.000,,,,0.000,,
OtherSignificantNoncashTransactionValueOfConsiderationReceived1,,,19750.000,,,,,,,,30703.000,,,,0.000,,,,30000.000,,
PaymentsToAcquireInvestments,,,,,,,,,,,,,,,,,,,50000.000,,
PaymentsToAcquirePropertyPlantAndEquipment,,,6846.000,,,,0.000,,,,6118.000,,,,5081.000,,,,66116.000,,
PreferredStockAccretionOfRedemptionDiscount,,,,,,,,,,,,25048.000,26466.000,,10500.000,23625.000,18375.000,0.000,0.000,0.000,0.000
PreferredStockDividendsIncomeStatementImpact,26178.000,26466.000,26178.000,13720.000,20128.000,26466.000,25890.000,26178.000,26466.000,26466.000,25890.000,1130.000,0.000,6673.000,15390.000,2553.000,8091.000,12658.000,0.000,0.000,0.000
ProceedsFromConvertibleDebt,,,,,,,120000.000,,,,,,,,484315.000,,,,0.000,,
ProceedsFromInsuranceSettlementInvestingActivities,,,,,,,,,,,,,15844.000,,11254.000,,,,,,
ProceedsFromIssuanceOfCommonStock,,,60685.000,,438000.000,,70000.000,,,,30000.000,,,,0.000,,,,,,
ProceedsFromIssuanceOfDebt,,,,,,,,,,,535615.000,,,,484315.000,,,,,,
ProceedsFromIssuanceOrSaleOfEquity,,,,,,,31930.000,,,,30000.000,,,,,,,,0.000,,
ProceedsFromNotesPayable,,,,,,,,,,,500000.000,,,,0.000,,,,,,
ProceedsFromOtherDebt,,,,,,,,,,,,,,,0.000,,,,,,
ProceedsFromOtherEquity,,,,,,,,,,,0.000,,,,3960.000,,,,,,
ProceedsFromSaleOfProductiveAssets,,,,,,,,,,,2500.000,,,,0.000,,,,4000.000,,
ProceedsFromWarrantExercises,,,,,,,,,,,,,,,98000.000,,,,0.000,,
PropertyPlantAndEquipmentAdditions,,,,,,,,,,,,,,,,,,,79000.000,,
ProvisionForDoubtfulAccounts,,,,,,,,,,,,,,,,,,,36000.000,,
RepaymentsOfLongTermCapitalLeaseObligations,,,,,,,,,,,,,,,1844.000,,,,2700.000,,
RepaymentsOfNotesPayable,,,45150.000,,,,136288.000,,,,23051.000,,,,44496.000,,,,60954.000,,
ResearchAndDevelopmentExpense,,,347505.000,599438.000,656337.000,614876.000,449597.000,579552.000,515533.000,612915.000,553004.000,405667.000,499934.000,494181.000,485620.000,459547.000,316116.000,355461.000,385106.000,517754.000,558155.000
Revenues,588898.000,719316.000,741871.000,708704.000,641177.000,1133206.000,1151129.000,869847.000,1212141.000,1492500.000,1487820.000,1579591.000,1302267.000,1540650.000,1170886.000,1246591.000,1263546.000,2452389.000,1282096.000,1290670.000,1447362.000
SalesRevenueGoodsNet,394746.000,426791.000,382503.000,366604.000,268005.000,646377.000,753862.000,453158.000,724728.000,1013079.000,904931.000,934916.000,600843.000,807401.000,502657.000,499278.000,532969.000,1285531.000,437859.000,448836.000,578807.000
SalesRevenueNet,588898.000,719316.000,741871.000,708704.000,641177.000,1133206.000,1151129.000,869847.000,1212141.000,1492500.000,1487820.000,1579591.000,1302267.000,1540650.000,1170886.000,1246591.000,1263546.000,2452389.000,1282096.000,1290670.000,1447362.000
SellingAndMarketingExpense,,,361960.000,383720.000,330337.000,469866.000,320720.000,277560.000,303191.000,388421.000,316957.000,332044.000,398607.000,361051.000,364367.000,450822.000,563213.000,846810.000,1258403.000,1511004.000,1505958.000
ShareBasedCompensation,,,42406.000,,,,50700.000,,,,28182.000,,,,46010.000,,,,33870.000,,
ShareBasedCompensationArrangementByShareBasedPaymentAwardEquityInstrumentsOtherThanOptionsGrantsInPeriod,,,,,876000.000,,,,,,,,,,,,,,,,
ShareBasedCompensationArrangementByShareBasedPaymentAwardFairValueAssumptionsExpectedVolatilityRate,,,,,,,,,,,,,,,,,,,1.220,,
ShareBasedCompensationArrangementByShareBasedPaymentAwardFairValueAssumptionsRiskFreeInterestRate,,,,,,,,,,,,,,,,,,,0.022,,
ShareBasedCompensationArrangementByShareBasedPaymentAwardOptionsForfeituresAndExpirationsInPeriodWeightedAverageExercisePrice,,,,,,,,,,,,,,,0.000,,,,5.000,,
ShareBasedCompensationArrangementByShareBasedPaymentAwardOptionsForfeituresInPeriod,,,,,,,,,,,,,,,0.000,,,,10000.000,,
ShareBasedCompensationArrangementByShareBasedPaymentAwardOptionsGrantsInPeriodGross,,,,,,,,,,,,,,,380000.000,,,,5800.000,,
ShareBasedCompensationArrangementByShareBasedPaymentAwardOptionsGrantsInPeriodWeightedAverageGrantDateFairValue,,,,,,,,,,,,,,,0.280,,,,1.440,,
ShareBasedCompensationArrangementsByShareBasedPaymentAwardOptionsExercisesInPeriodWeightedAverageExercisePrice,,,,,,,,,,,,,,,0.000,,,,0.000,,
ShareBasedCompensationArrangementsByShareBasedPaymentAwardOptionsGrantsInPeriodWeightedAverageExercisePrice,,,,,,,,,,,,,,,0.280,,,,1.950,,
SharebasedCompensationArrangementBySharebasedPaymentAwardOptionsNonvestedOptionsForfeitedWeightedAverageGrantDateFairValue,,,,,,,,,,,,,,,0.000,,,,5.820,,
SharebasedCompensationArrangementBySharebasedPaymentAwardOptionsVestedNumberOfShares,,,,,,,,,,,,,,,387297.000,,,,3172.000,,
SharebasedCompensationArrangementBySharebasedPaymentAwardOptionsVestedWeightedAverageGrantDateFairValue,,,,,,,,,,,,,,,-0.130,,,,8.440,,
StockIssued1,,,,,,,7000.000,,,,0.000,,,,,,,,,,
StockIssuedDuringPeriodSharesConversionOfConvertibleSecurities,,,,,,,191000.000,,,,,,,,,,,,,,
StockIssuedDuringPeriodSharesIssuedForCash,,,,,4380000.000,,700000.000,,,,,,,,,,,,,,
StockIssuedDuringPeriodSharesIssuedForServices,,,,,20155.000,,,,,,,,,,,,,,,,
StockIssuedDuringPeriodSharesNewIssues,,,,,,,,,,,300000.000,,,,720000.000,,,,312857.000,,
StockIssuedDuringPeriodSharesStockOptionsExercised,,,,,,,,,,,,,,,0.000,,,,0.000,,
StockIssuedDuringPeriodValueIssuedForCash,,,,,,,70000.000,,,,,,,,,,,,,,
StockIssuedDuringPeriodValueIssuedForServices,,,,,2489.000,,,,,,,,,,,,,,248990.000,,
StockIssuedDuringPeriodValueNewIssues,,,,,,,,,,,30000.000,,,,,,,,,,
WeightedAverageNumberOfDilutedSharesOutstanding,163146913.000,164231910.000,,,,,,,,,,,,,,,,,,,
WeightedAverageNumberOfShareOutstandingBasicAndDiluted,,,,149944660.000,160567933.000,,171815723.000,172882737.000,174772596.000,-345671575.000,175181168.000,176394996.000,178591334.000,-347180789.000,201952777.000,202764184.000,4061464.000,-404234539.000,8569465.000,8795815.000,8889264.000
WeightedAverageNumberOfSharesOutstandingBasic,135408831.000,136384788.000,,,,,,,,,,,,,,,,,,,
