,2011-06-30,2011-09-30,2011-12-31,2012-03-31,2012-06-30,2012-09-30,2012-12-31,2013-06-30,2013-09-30,2013-12-31,2014-03-31,2014-09-30,2015-05-31,2015-08-31,2015-11-30
AdjustmentForAmortization,,,,,,,,,,,,,20001.000,,
AmortizationOfAcquisitionCosts,,,,,,,,,,,,,22359.000,15385.000,5909.000
AmortizationOfDebtDiscountPremium,,,,,,,,,,,,,,23760.000,68395.000
CashPeriodIncreaseDecrease,-385.000,,,,-326.000,,,8880.000,,,,,7893.000,,
CostsAndExpenses,,,,,,,,,,,,31587.000,23807.000,15385.000,5909.000
Depreciation,,,,,,,,,,,,,129.000,,
DepreciationAndAmortization,,,,,,,,,,,,,129.000,,
DerivativeCostOfHedge,,,,,,,,,,,,,,105739.000,
EarningsPerShareBasic,0.000,0.000,0.000,0.000,0.000,0.000,0.000,0.000,0.000,-0.000,0.000,-0.003,,,
EarningsPerShareBasicAndDiluted,,,,,,,,,,,,,-0.009,,
FairValueNetDerivativeAssetLiabilityMeasuredOnRecurringBasisChangeInUnrealizedGainLoss,,,,,,,,,,,,,,-48754.000,20669.000
FreightCosts,,,,,,,,,,,,,1448.000,,
GeneralAndAdministrativeExpense,685.000,935.000,1150.000,1610.000,1426.000,1720.000,4285.000,8599.000,9392.000,8867.000,9793.000,179267.000,74409.000,97597.000,31952.000
GrossProfit,,,,,,,,,,,,21455.000,73936.000,22282.000,21566.000
IncomeLossBeforeExtraordinaryItemsAndCumulativeEffectOfChangeInAccountingPrinciple,,,,,,,,,,,,,-461813.000,,
IncomeLossFromContinuingOperations,,,,,,,,,,,,,-76751.000,-167331.000,-145583.000
IncomeLossFromOperationsBeforeExtraordinaryItemsPerBasicAndDilutedShare,,,,,,,,,,,,,0.000,-0.000,0.000
IncomeTaxesPaid,0.000,,,,0.000,,,0.000,,,,,,,
IncreaseDecreaseInAccountsAndNotesReceivable,,,,,,,,,,,,,19194.000,,
IncreaseDecreaseInAccountsPayable,6300.000,,,,100.000,,,,,,,,,,
IncreaseDecreaseInAccountsPayableAndAccruedLiabilities,,,,,,,,,,,,,30285.000,,
IncreaseDecreaseInAccruedLiabilities,,,,,,,,1314.000,,,,,,,
IncreaseDecreaseInInventories,,,,,,,,,,,,,4548.000,,
IncreaseDecreaseInNotesPayableCurrent,,,,,,,,,,,,,-10753.000,,
IncreaseDecreaseInNotesPayableRelatedParties,,,,,,,,,,,,,2866.000,,
IncreaseDecreaseInNotesPayableRelatedPartiesCurrent,,,,,5000.000,,,0.000,,,,,,,
IncreaseDecreaseInOtherLoans,0.000,,,,,,,,,,,,,,
IncreaseDecreaseInPrepaidExpense,,,,,,,,,,,,,2180.000,,
InterestExpense,,,,,,161.000,375.000,840.000,1000.000,1101.000,1173.000,,14775.000,12618.000,15468.000
InterestExpenseDebt,,,,,,,,,,,,,,,4081.000
InterestPaid,0.000,,,,0.000,,,0.000,,,,,758.000,,
LaborAndRelatedExpense,,,,,,,,,,,,,8420.000,16000.000,12000.000
MarketingExpense,,,,,,,,,,,,1303.000,52729.000,28016.000,4394.000
NetCashProvidedByUsedInFinancingActivities,0.000,,,,5000.000,,,20000.000,,,,,23882.000,,
NetCashProvidedByUsedInFinancingActivitiesContinuingOperations,0.000,,,,5000.000,,,20000.000,,,,,23882.000,,
NetCashProvidedByUsedInInvestingActivities,0.000,,,,0.000,,,0.000,,,,,-800.000,,
NetCashProvidedByUsedInInvestingActivitiesContinuingOperations,0.000,,,,0.000,,,0.000,,,,,-800.000,,
NetCashProvidedByUsedInOperatingActivities,-385.000,,,,-5326.000,,,-11120.000,,,,,-15188.000,,
NetCashProvidedByUsedInOperatingActivitiesContinuingOperations,-385.000,,,,-5326.000,,,-11120.000,,,,,-15188.000,,
NetIncomeLoss,-6685.000,-2435.000,-2650.000,-3110.000,-5426.000,-6112.000,-9292.000,-14381.000,-12135.000,-12115.000,-12615.000,,-91526.000,-260694.000,-208777.000
OperatingCostsAndExpenses,,2435.000,,,,,,,,,,,,,
OperatingExpenses,6685.000,,-2650.000,,-5426.000,5950.000,8917.000,13541.000,11135.000,11014.000,11442.000,196598.000,150687.000,189613.000,167149.000
OtherExpenses,,,,,,,,,,,,,,93363.000,63194.000
PaymentsForLoans,,,,,,,,,,,,,5267.000,,
PaymentsToAcquireOtherPropertyPlantAndEquipment,,,,,,,,,,,,,800.000,,
ProceedsFromIssuanceOfCommonStock,0.000,,,,0.000,,,0.000,,,,,,,
ProceedsFromNotesPayable,,,,,,,,20000.000,,,,,,,
ProfessionalFees,6000.000,1500.000,1500.000,1500.000,4000.000,4230.000,4632.000,4942.000,1743.000,2147.000,1650.000,,,,
RepaymentsOfNotesPayable,,,,,,,,,,,,,22232.000,,
RetailRevenue,,,,,,,,,,,,53042.000,,,
RevenueMineralSales,,,0.000,,0.000,0.000,0.000,0.000,0.000,,,,,,
Revenues,0.000,0.000,0.000,0.000,0.000,0.000,0.000,0.000,0.000,,,53042.000,97743.000,37667.000,27475.000
SalariesAndWages,,,,,,,,,,,,11728.000,15000.000,48000.000,48000.000
SalariesWagesAndOfficersCompensation,,,,,,,,,,,,4300.000,,,
SalesRevenueGoodsGross,,,,,,,,,,,,,97743.000,,
SalesRevenueNet,0.000,0.000,0.000,0.000,0.000,0.000,0.000,0.000,0.000,,,53042.000,97743.000,37667.000,27475.000
SellingGeneralAndAdministrativeExpense,,,,,,,,,,,,,14775.000,,
ShortTermDebtRefinancedAmount,,,,,,,,,,,,,-65000.000,,
TechnologyServicesCosts,,,,,,,,,,,,,,,70803.000
WeightedAverageNumberOfSharesOutstandingBasic,5400000.000,5400000.000,5400000.000,-10800000.000,5400000.000,54000000.000,54000000.000,54000000.000,54000000.000,54000000.000,-108000000.000,54000000.000,54000000.000,53021739.000,52000000.000
