,2011-09-30,2012-03-31,2012-09-30,2013-03-31,2013-06-30,2013-09-30,2013-12-31,2014-03-31,2014-06-30,2014-09-30,2014-12-31,2015-03-31,2015-06-30,2015-09-30,2015-12-31,2016-03-31,2016-06-30,2016-09-30,2016-12-31,2017-03-31
AccretionOfDiscount,,,,,,,,41832.000,,,,,,,,,,,,
AdjustmentOfWarrantsGrantedForServices,,,,0.000,,,,,,,,,,,,,,,,
AdvertisingExpense,,,,,,,,,,,,,,,,,,,,1358000.000
AllocatedShareBasedCompensationExpense,,,,,,,,564226.000,,282954.000,,630518.000,121554.000,80097.000,1297407831.000,524633.000,111885.000,,,225172.000
AmortizationOfDebtDiscountPremium,,,,,,,,,,,,,,,,370760.000,,,,512874.000
AmortizationOfFinancingCosts,,,,0.000,,,,,,,,,,,,,,,,
AmortizationOfIntangibleAssets,,,,,,,,,,,,92346.000,,,,157602.000,178083.000,178082.000,-1138171.000,157725.000
AntidilutiveSecuritiesExcludedFromComputationOfEarningsPerShareAmount,,,,,7080000.000,6340500.000,,9280996.000,,,,21356855.000,,,,21780713.000,,,,64550225.000
CashAndCashEquivalentsPeriodIncreaseDecrease,,34947.000,,94314.000,,,,80949.000,,,,48698.000,,,,-23348.000,,,,1545419.000
ConcentrationRiskPercentage1,,,,,,,,0.100,,,,,,,,,,,,
CostOfGoodsSold,,,,,117.000,,,55851.000,50546.000,51299.000,134384.000,76420.000,64029.000,102359.000,97905.000,,,,,
CostsAndExpenses,,,,,,,,,,,,,,,,120123.000,262934.000,331227.000,,440476.000
CostsAndExpensesRelatedParty,,,,0.000,,,,,,,,,,,,,,,,
DebtInstrumentConvertibleBeneficialConversionFeature,,,,,,,,,,,,,,,,1833.000,,,,
DeferredRevenueRevenueRecognized,,,,,,,,-25288.000,,,,-7638.000,,,,-16325.000,,,,
Depreciation,,,,,,,,21203.000,,,,9053.000,,,,3686.000,,,,2822.000
DerivativeInstrumentsNotDesignatedAsHedgingInstrumentsGainLossNet,,,,,,,,,,,,32194.000,15735.000,268449.000,,57594.000,-2040909.000,1350688.000,,-51656.000
EarningsPerShareBasicAndDiluted,,,-0.000,-0.020,-0.120,-0.040,-0.050,-0.060,-0.050,-0.050,-0.040,-0.040,-0.020,-0.020,0.000,-0.020,-0.050,-0.040,-0.040,-0.020
EmployeeServiceShareBasedCompensationTaxBenefitFromCompensationExpense,,,,,,,,,,,,,,137485.000,,,,,,
FairValueAssumptionsExpectedDividendRate,,,,,,,,,,,,0.000,,,,,,,,0.000
FairValueAssumptionsExpectedVolatilityRate,,,,,,,,,,,,1.000,,,,,,,,
FairValueAssumptionsRiskFreeInterestRate,,,,,,,,,,,,0.015,,,,,,,,
GainsLossesOnExtinguishmentOfDebt,,,,,,,,,,-406833.000,,-32500.000,,,,0.000,0.000,0.000,0.000,-304828.000
GeneralAndAdministrativeExpense,6759.000,56277.000,21359.000,42939.000,494328.000,648127.000,2615436.000,1285590.000,1006382.000,993951.000,1092826.000,1448002.000,901968.000,731221.000,829001.000,1323233.000,1195087.000,1779048.000,1573204.000,1704663.000
GrossProfit,,,,,279.000,,,110237.000,63238.000,,,,119444.000,77385.000,,,,,,
IncomeLossFromContinuingOperations,-6759.000,-56277.000,-73231.000,-331816.000,-2106696.000,-714303.000,-736118.000,-1230920.000,-997272.000,-621048.000,-935390.000,-1327570.000,-782524.000,-653836.000,,,,,,
IncomeLossFromContinuingOperationsBeforeIncomeTaxesExtraordinaryItemsNoncontrollingInterest,-7196.000,-60260.000,-77519.000,-337349.000,,,,,,,,,,,,,,,,
IncomeLossFromContinuingOperationsBeforeInterestExpenseInterestIncomeIncomeTaxesExtraordinaryItemsNoncontrollingInterestsNet,,,,,,,,,,,,-1534258.000,,,,,,,,
IncomeLossFromContinuingOperationsPerBasicAndDilutedShare,0.000,-0.040,,,,,,,,,,,,,,,,,,
IncomeTaxExpenseBenefit,,,0.000,0.000,,,,,,,,,,,,,,,,
IncomeTaxesPaid,,,,,,,,,,,,,,,,0.000,,,,2400.000
IncreaseDecreaseInAccountsPayable,,3724.000,,57014.000,,,,,,,,,,,,,,,,
IncreaseDecreaseInAccountsPayableAndAccruedLiabilities,,,,,,,,101897.000,,,,21408.000,,,,170407.000,,,,119702.000
IncreaseDecreaseInAccountsReceivable,,,,,,,,-5772.000,,,,110453.000,,,,32208.000,,,,15922.000
IncreaseDecreaseInAccruedSalaries,,,,69863.000,,,,158947.000,,,,135944.000,,,,,,,,
IncreaseDecreaseInDeferredRevenueAndCustomerAdvancesAndDeposits,,,,,,,,,,,,,,,,,,,,0.000
IncreaseDecreaseInDeposits,,,,,,,,,,,,6961.000,,,,0.000,,,,
IncreaseDecreaseInDerivativeLiabilities,,,,,,,,,,,,,,,,1833.000,,,,
IncreaseDecreaseInDueToRelatedParties,,,,0.000,,,,,,,,,,,,,,,,
IncreaseDecreaseInInterestPayableNet,,3983.000,,985.000,,,,22978.000,,,,33107.000,,,,30677.000,,,,-22383.000
IncreaseDecreaseInInventories,,,,,,,,30315.000,,,,-6631.000,,,,-17987.000,,,,63216.000
IncreaseDecreaseInNotesPayableRelatedParties,,,,0.000,,,,,,,,,,,,,,,,
IncreaseDecreaseInPrepaidExpense,,,,,,,,-23155.000,,,,-19286.000,,,,25108.000,,,,101075.000
InterestExpense,-437.000,-3983.000,-4288.000,5533.000,10525.000,19649.000,31539.000,208494.000,88343.000,98766.000,136627.000,173882.000,97484.000,473360.000,408650.000,396435.000,1877149.000,3727168.000,660942.000,557479.000
InterestExpenseDebt,,,,,,,,,2043.000,7408.000,,31152.000,27629.000,64296.000,-53443.000,8362.000,6944.000,2124.000,0.000,
InterestExpenseRelatedParty,,,,3746.000,3244.000,19070.000,41186.000,,,,,,,,,,,,,
InterestPaid,,,,,,,,,,,,,,,,9535.000,,,,66719.000
LicensesRevenue,,,,,,,,,,325000.000,,,,,,1000.000,0.000,0.000,0.000,0.000
LineOfCreditFacilityAverageOutstandingAmount,,,,,,,,,,,,,,,,0.000,,,,
NetCashProvidedByUsedInFinancingActivities,,87500.000,,214100.000,,,,329253.000,,,,150000.000,,,,88706.000,,,,2043310.000
NetCashProvidedByUsedInFinancingActivitiesContinuingOperations,,87500.000,,214100.000,,,,329253.000,,,,150000.000,,,,88706.000,,,,2043310.000
NetCashProvidedByUsedInInvestingActivities,,,,0.000,,,,,,,,-9537.000,,,,-6565.000,,,,-2256.000
NetCashProvidedByUsedInInvestingActivitiesContinuingOperations,,,,0.000,,,,,,,,-9537.000,,,,-6565.000,,,,-2256.000
NetCashProvidedByUsedInOperatingActivities,,-52553.000,,-119786.000,,,,-248304.000,,,,-91765.000,,,,-105489.000,,,,-495635.000
NetCashProvidedByUsedInOperatingActivitiesContinuingOperations,,-52553.000,,-119786.000,,,,-248304.000,,,,-91765.000,,,,-105489.000,,,,-495635.000
NetIncomeLoss,,-60260.000,-77519.000,-337349.000,-2117221.000,-733952.000,-767657.000,-1439414.000,-1085615.000,-1126647.000,-1175291.000,-1501758.000,-864273.000,-858747.000,-977850.000,-1554969.000,-4360340.000,-4425812.000,-3360033.000,-2545787.000
NonoperatingIncomeExpense,,,,,,,,,,,,,,,,,,,,-887404.000
OperatingExpenses,6759.000,56277.000,73231.000,331816.000,2106975.000,714469.000,740493.000,1341157.000,1060510.000,1064135.000,1348941.000,1524422.000,901968.000,731221.000,1852722.000,1443356.000,1461913.000,4126205.000,3621041.000,3835673.000
OperatingIncomeLoss,,,,,,,,,,,,,,,,-1217893.000,-442393.000,-2244076.000,-1929550.000,-1658383.000
OtherExpenses,,-3983.000,-4288.000,,,,,,,,,,,,,,,,,
OtherIncome,,,,,,,,,,,,,,,,1765.000,111.000,194744.000,,
OtherNonoperatingIncomeExpense,,,,,,,,,,,,,,,,-337076.000,-3917947.000,-2181736.000,-1428083.000,-616.000
OtherOperatingIncomeExpenseNet,-437.000,,,,,,,,,,,,,,,,,,,
PaymentsToAcquirePropertyPlantAndEquipment,,,,,,,,,,,,-9537.000,,,,6565.000,,,,2256.000
ProceedsFromConvertibleDebt,,,,264100.000,,,,,,,,,,,,,,,,
ProceedsFromIssuanceOfCommonStock,,,,0.000,,,,,,,,,,,,,,,,
ProceedsFromIssuanceOrSaleOfEquity,,,,,,,,,,,,,,,,,,,,3307773.000
ProceedsFromNotesPayable,,,,,,,,300000.000,,,,100000.000,,,,242500.000,,,,150000.000
ProceedsFromPaymentsForLongTermLoansForRelatedParties,,,,0.000,,,,,,,,,,,,,,,,
ProceedsFromRelatedPartyDebt,,,,0.000,,,,25000.000,,,,50000.000,,,,0.000,,,,
ProceedsFromStockOptionsExercised,,,,,,,,,,,,,,,,,,,,2894.000
ProceedsFromSubordinatedShortTermDebt,,,,,,,,,,,,,,,,10300.000,,,,0.000
ProfessionalFees,,,51872.000,219014.000,,,,,,,,,,,,,,,,
ProfitLoss,-7196.000,,,-337349.000,,,,,,,,,,,,,,,,
ProvisionForDoubtfulAccounts,,,,,,,,,,,,,,,,5708.000,,,,2578.000
RepaymentsOfConvertibleDebt,,,,,,,,,,,,,,,,,,,,1222422.000
RepaymentsOfNotesPayable,,,,50000.000,,,,,,,,,,,,18674.000,,,,67688.000
RepaymentsOfRelatedPartyDebt,,,,,,,,,,,,,,,,42500.000,,,,
RepaymentsOfSubordinatedShortTermDebt,,,,,,,,,,,,,,,,102920.000,,,,0.000
ResearchAndDevelopmentExpense,,,0.000,0.000,0.000,66342.000,26581.000,55567.000,54128.000,18885.000,15334.000,,,,,,3892.000,43775.000,,3183.000
ResearchAndDevelopmentInProcess,,,,0.000,,,,,,,,,,,,,,,,
RestrictedStockExpense,,,,,,,,,,,,,120983.000,120983.000,,,,,,
RevenueRecognitionSalesReturnsReserveForSalesReturns,,,,,,,,21250.000,,,,23000.000,,,,,,,,
Revenues,,,0.000,0.000,396.000,166.000,,166088.000,113784.000,443087.000,307154.000,196852.000,183473.000,179744.000,175648.000,225463.000,1019520.000,1882129.000,1691491.000,2177290.000
SalariesAndWages,,,,69863.000,,,,,,,,,,,,,,,,
SalesRevenueGoodsNet,,,,,,166.000,,,,,,,,,,224463.000,1019520.000,1882129.000,,2177290.000
SalesRevenueNet,,,0.000,0.000,396.000,166.000,,166088.000,113784.000,118087.000,257154.000,196852.000,183473.000,179744.000,175648.000,223698.000,1019409.000,1687385.000,1691491.000,2177290.000
SellingAndMarketingExpense,,,,,,,,,,,,,,,,,,1972155.000,,1687351.000
ShareBasedCompensation,,,,,1612647.000,289270.000,,564226.000,,,,630518.000,,,,,,,,
ShareBasedCompensationArrangementByShareBasedPaymentAwardFairValueAssumptionsExpectedDividendRate,,,,,,,,0.000,,,,,,,,0.000,,,,0.000
ShareBasedCompensationArrangementByShareBasedPaymentAwardFairValueAssumptionsExpectedVolatilityRate,,,,,,,,2.368,,,,,,,,2.264,,,,
ShareBasedCompensationArrangementByShareBasedPaymentAwardFairValueAssumptionsRiskFreeInterestRate,,,,,,,,0.020,,,,,,,,0.010,,,,
ShareBasedCompensationArrangementByShareBasedPaymentAwardNumberOfAdditionalSharesAuthorized,,,,,,,,10000000.000,,,,,,,,,,,,
ShareBasedCompensationArrangementByShareBasedPaymentAwardOptionsGrantsInPeriodWeightedAverageGrantDateFairValue,,,,,,,,,,,,138928.000,,,,,,,,
StockGrantedDuringPeriodValueSharebasedCompensation,,,,,,,,,,,,19450.000,,,,,,,,
StockIssuedDuringPeriodSharesConversionOfConvertibleSecurities,,,,,,,,1855747.000,,,,,,,,,,,,
StockIssuedDuringPeriodSharesIssuedForServices,,,,,,,,65000.000,,,,85000.000,,,,215000.000,,,,
StockIssuedDuringPeriodValueConversionOfConvertibleSecuritiesNetOfAdjustments,,,,,,,,742300.000,,,,92000.000,,,,0.000,,,,
StockIssuedDuringPeriodValueIssuedForServices,,,,85951.000,,,,29900.000,,,,,,,,64500.000,,,,
StockholdersEquityPeriodIncreaseDecrease,,,,89701.000,,,,153754.000,,,,264553.000,,,,739646.000,,,,580394.000
WeightedAverageNumberOfShareOutstandingBasicAndDiluted,,,16333670.000,16425560.000,16973163.000,17848558.000,-33917382.000,22540119.000,23807965.000,24383486.000,-46347533.000,34970677.000,40816767.000,55076819.000,-78346733.000,68373226.000,85395846.000,104972645.000,-164635335.000,135099173.000
