,2013-03-31,2013-06-30,2013-09-30,2013-12-31,2014-03-31,2014-06-30,2014-09-30,2014-12-31,2015-03-31,2015-06-30,2015-09-30,2015-12-31,2016-03-31,2016-06-30,2016-09-30,2016-12-31,2017-03-31,2017-06-30
AssetImpairmentCharges,,,,,,,,,,,,,6518000.000,2403000.000,2392000.000,4222000.000,164742000.000,3178000.000
BusinessAcquisitionsProFormaNetIncomeLoss,32459000.000,,,,,,,,,,,,,,,,,
BusinessAcquisitionsProFormaRevenue,231001000.000,,,,,,,,,,,,,,,,,
CapitalExpendituresIncurredButNotYetPaid,,,,,,,,,,,,,,,,,85280000.000,
CashAndCashEquivalentsPeriodIncreaseDecrease,-331092000.000,,,,-18966000.000,,,,-7390000.000,,,,11762000.000,,,,-236419000.000,
ConsolidationLessThanWhollyOwnedSubsidiaryParentOwnershipInterestChangeDueToNetIncomeAttributableToParentAndEffectsOfChangesNet,,,,,,,,,,,,,71100000.000,,,,77900000.000,
CostsAndExpenses,166976000.000,185920000.000,188499000.000,194171000.000,189521000.000,228576000.000,222931000.000,242234000.000,284231000.000,287324000.000,292456000.000,791246000.000,247158000.000,273710000.000,312818000.000,346395000.000,523333000.000,379755000.000
DeferredIncomeTaxExpenseBenefit,1124000.000,,,,290000.000,,,,3758000.000,,,,1852000.000,,,,3128000.000,
DeferredOtherTaxExpenseBenefit,-46530000.000,,,,-38160000.000,,,,-41844000.000,,,,-135400000.000,,,,,
DepreciationAndAmortization,32440000.000,36496000.000,37615000.000,39365000.000,40612000.000,43746000.000,45651000.000,53147000.000,70292000.000,,,,,,,,,
DepreciationDepletionAndAmortization,32440000.000,,,,40612000.000,,,,70292000.000,65961000.000,65688000.000,42222000.000,65095000.000,67305000.000,67246000.000,73287000.000,69702000.000,74031000.000
DisposalGroupNotDiscontinuedOperationGainLossOnDisposal,,,,,,,,,,,77244000.000,,,,,,,
DistributionMadeToLimitedPartnerCashDistributionsDeclared,,,46789000.000,,54726000.000,59378000.000,63756000.000,,74977000.000,79630000.000,83461000.000,,92767000.000,94958000.000,97968000.000,,107549000.000,115487000.000
DistributionMadeToLimitedPartnerDistributionsDeclaredPerUnit,,,0.214,,0.250,0.271,0.291,,0.343,0.364,0.381,,0.424,0.434,0.448,,0.491,0.527
DistributionMadeToMemberOrLimitedPartnerCashDistributionsDeclared,39100000.000,43200000.000,,,,,,,,,,,,,,,,
DistributionMadeToMemberOrLimitedPartnerDistributionsDeclaredPerUnit,0.179,0.198,,,,,,,,,,,,,,,,
EquityMethodInvestmentDividendsOrDistributions,,,,,10269000.000,,,,18706000.000,,,,19855000.000,,,,19114000.000,
FairValueOfAssetsAcquired,,,,,,,,,,,,,,,,,548628000.000,
GainOnBusinessInterruptionInsuranceRecovery,,,,,,,,,,,,,,2603000.000,13667000.000,,5767000.000,24115000.000
GeneralAndAdministrativeExpense,8929000.000,8209000.000,7962000.000,8364000.000,9386000.000,8757000.000,8666000.000,10649000.000,11347000.000,9442000.000,10059000.000,10369000.000,12515000.000,11887000.000,12112000.000,12734000.000,13476000.000,11197000.000
IncomeLossFromContinuingOperationsBeforeIncomeTaxesExtraordinaryItemsNoncontrollingInterest,55912000.000,61270000.000,81175000.000,86610000.000,89947000.000,97972000.000,106062000.000,95425000.000,90426000.000,110730000.000,164413000.000,-428735000.000,124392000.000,166103000.000,169647000.000,145210000.000,106213000.000,175196000.000
IncomeLossFromEquityMethodInvestments,,,,,9251000.000,13008000.000,19063000.000,16514000.000,18220000.000,18941000.000,21976000.000,12114000.000,16814000.000,19693000.000,20294000.000,21916000.000,19461000.000,21728000.000
IncomeTaxExpenseBenefit,4236000.000,137000.000,58000.000,-1851000.000,-228000.000,226000.000,278000.000,1751000.000,4460000.000,-1816000.000,1661000.000,-925000.000,6633000.000,326000.000,472000.000,941000.000,3552000.000,843000.000
IncomeTaxesPaidNet,,,,,,,,,-138000.000,,,,67000.000,,,,189000.000,
IncreaseDecreaseInAccountsPayableAndAccruedLiabilities,,,,,,,,,,,,,18446000.000,,,,-29935000.000,
IncreaseDecreaseInAccountsReceivable,-21439000.000,,,,10976000.000,,,,17798000.000,,,,-12513000.000,,,,1530000.000,
IncreaseDecreaseInAccruedLiabilities,22469000.000,,,,-2583000.000,,,,10552000.000,,,,,,,,,
IncreaseDecreaseInOtherOperatingCapitalNet,,,,,,,,,,,,,-3240000.000,,,,-157000.000,
IncreaseDecreaseInOtherOperatingLiabilities,-1405000.000,,,,2087000.000,,,,-1010000.000,,,,,,,,,
IncreaseDecreaseInOutstandingChecksFinancingActivities,-2808000.000,,,,1928000.000,,,,-2468000.000,,,,-994000.000,,,,1024000.000,
InterestExpense,11811000.000,12654000.000,13018000.000,14314000.000,13961000.000,20864000.000,20878000.000,21066000.000,22962000.000,27604000.000,31773000.000,31535000.000,32139000.000,13429000.000,31301000.000,39759000.000,36033000.000,36297000.000
InterestIncomeRelatedParty,,,4225000.000,,4225000.000,4225000.000,4225000.000,4225000.000,4225000.000,4225000.000,4225000.000,4225000.000,4225000.000,4225000.000,4225000.000,4225000.000,4225000.000,4225000.000
InterestPaidNet,11244000.000,,,,14106000.000,,,,17596000.000,,,,18223000.000,,,,29014000.000,
InventoryWriteDown,,,,,,,,,,,,,,,,,45000.000,
MinorityInterestIncreaseFromStockIssuance,1097000.000,,,,,,,,,,,,,,,,,
NaturalGasMidstreamCosts,83083000.000,93460000.000,93516000.000,94226000.000,91950000.000,118085000.000,108393000.000,119528000.000,137920000.000,146293000.000,127721000.000,116501000.000,76467000.000,104849000.000,145643000.000,167235000.000,189359000.000,203277000.000
NetCashProvidedByUsedInFinancingActivities,311635000.000,,,,435247000.000,,,,41115000.000,,,,618697000.000,,,,-175658000.000,
NetCashProvidedByUsedInFinancingActivitiesContinuingOperations,311635000.000,,,,435247000.000,,,,41115000.000,,,,618697000.000,,,,-175658000.000,
NetCashProvidedByUsedInInvestingActivities,-771888000.000,,,,-576697000.000,,,,-203960000.000,,,,-842818000.000,,,,-252434000.000,
NetCashProvidedByUsedInInvestingActivitiesContinuingOperations,-771888000.000,,,,-576697000.000,,,,-203960000.000,,,,-842818000.000,,,,-252434000.000,
NetCashProvidedByUsedInOperatingActivities,129161000.000,,,,122484000.000,,,,155455000.000,,,,235883000.000,,,,191673000.000,
NetCashProvidedByUsedInOperatingActivitiesContinuingOperations,129161000.000,,,,122484000.000,,,,155455000.000,,,,235883000.000,,,,191673000.000,
NetIncomeLoss,32315000.000,34711000.000,44338000.000,48850000.000,49541000.000,55254000.000,59952000.000,57164000.000,57029000.000,67795000.000,88284000.000,-125245000.000,81816000.000,88863000.000,91397000.000,83696000.000,75940000.000,104944000.000
NetIncomeLossAllocatedToLimitedPartners,,,44338000.000,,50497000.000,55254000.000,59952000.000,57164000.000,55287000.000,67795000.000,88284000.000,-125245000.000,70490000.000,88863000.000,91397000.000,83696000.000,75940000.000,104944000.000
NetIncomeLossAttributableToNoncontrollingInterest,19361000.000,26422000.000,36779000.000,39611000.000,40634000.000,42492000.000,45832000.000,36510000.000,28937000.000,44751000.000,74468000.000,-302565000.000,35943000.000,76914000.000,77778000.000,60573000.000,26721000.000,69409000.000
NoncontrollingInterestIncreaseFromSubsidiaryEquityIssuance,,,,,,,,,31044000.000,,,,0.000,,,,-182000.000,
OperatingCostsAndExpenses,36739000.000,41669000.000,42757000.000,47492000.000,40532000.000,50875000.000,53657000.000,54241000.000,56149000.000,56827000.000,80633000.000,103165000.000,76213000.000,75173000.000,74755000.000,81869000.000,73760000.000,76148000.000
OperatingIncomeLoss,62771000.000,69206000.000,89502000.000,96450000.000,99187000.000,114376000.000,122597000.000,112177000.000,109083000.000,134029000.000,191865000.000,-400591000.000,152165000.000,175343000.000,196558000.000,180469000.000,137575000.000,206996000.000
OtherNonoperatingIncomeExpense,727000.000,493000.000,466000.000,249000.000,496000.000,235000.000,118000.000,89000.000,80000.000,80000.000,96000.000,-834000.000,141000.000,-36000.000,165000.000,275000.000,446000.000,272000.000
OtherOperatingActivitiesCashFlowStatement,560000.000,,,,680000.000,,,,2112000.000,,,,5496000.000,,,,1268000.000,
PartnersCapitalAccountAcquisitions,-465500000.000,,,,-356250000.000,,,,-174276000.000,,,,-712500000.000,,,,0.000,
PartnersCapitalAccountContributions,,,,,,,,,30096000.000,,,,,,,,,
PartnersCapitalAccountDistributions,7852000.000,,,,50621000.000,,,,68409000.000,,,,88389000.000,,,,101254000.000,
PartnersCapitalAccountPrivatePlacementOfUnits,,,,,,,,,,,,,440000000.000,,,,,
PartnersCapitalAccountReturnOfCapital,,,,,,,,,348000.000,,,,,,,,,
PartnersCapitalAccountSaleOfUnits,-250000.000,,,,,,,,,,,,,,,,,
PartnersCapitalOther,123000.000,,,,-33000.000,,,,-81000.000,,,,482000.000,,,,136000.000,
PaymentOfFinancingAndStockIssuanceCosts,2367000.000,,,,0.000,,,,,,,,,,,,,
PaymentsForCapitalImprovements,166463000.000,,,,189327000.000,,,,200940000.000,,,,136987000.000,,,,125944000.000,
PaymentsForProceedsFromOtherInvestingActivities,,,,,857000.000,,,,,,,,,,,,,
PaymentsOfDistributionsToAffiliates,29942000.000,,,,,,,,,,,,,,,,,
PaymentsOfDividends,7852000.000,,,,50621000.000,,,,68409000.000,,,,88389000.000,,,,101254000.000,
PaymentsOfDividendsMinorityInterest,,,,,40996000.000,,,,,,,,,,,,,
PaymentsToAcquireBusinessesAndInterestInAffiliates,4835000.000,,,,27605000.000,,,,4878000.000,,,,-474000.000,,,,0.000,
ProceedsFromEquityMethodInvestmentDividendsOrDistributionsReturnOfCapital,,,,,2044000.000,,,,2964000.000,,,,4784000.000,,,,3453000.000,
ProceedsFromIncomeTaxRefunds,,,,,340000.000,,,,,,,,,,,,,
ProceedsFromInsuranceSettlementInvestingActivities,,,,,,,,,,,,,,,,,24000000.000,
ProceedsFromIssuanceOfLongTermDebt,384946000.000,,,,917742000.000,,,,140000000.000,,,,356162000.000,,,,-11000.000,
ProceedsFromPartnershipContribution,,,,,23788000.000,,,,30096000.000,,,,,,,,,
ProfitLoss,51676000.000,61133000.000,81117000.000,88461000.000,90175000.000,97746000.000,105784000.000,93674000.000,85966000.000,112546000.000,162752000.000,-427810000.000,117759000.000,165777000.000,169175000.000,144269000.000,102661000.000,174353000.000
RepaymentsOfLongTermDebt,,,,,430000000.000,,,,31150000.000,,,,0.000,,,,,
Revenues,229747000.000,255126000.000,278001000.000,290621000.000,279457000.000,329944000.000,326465000.000,337897000.000,375094000.000,402412000.000,385101000.000,398765000.000,383141000.000,428664000.000,481645000.000,510820000.000,516193000.000,525450000.000
SalesRevenueNet,229747000.000,255126000.000,278001000.000,290621000.000,279457000.000,329944000.000,326465000.000,337897000.000,375094000.000,402412000.000,385101000.000,398765000.000,383141000.000,428664000.000,481645000.000,510820000.000,516193000.000,525450000.000
ShareBasedCompensation,858000.000,,,,1181000.000,,,,1097000.000,,,,1291000.000,,,,1269000.000,
TaxesExcludingIncomeAndExciseTaxes,5785000.000,6086000.000,6649000.000,4724000.000,7041000.000,7113000.000,6564000.000,4669000.000,8523000.000,8801000.000,8355000.000,4893000.000,10350000.000,12093000.000,10670000.000,7048000.000,12294000.000,11924000.000
TransferOfOtherRealEstate,6000.000,,,,43000.000,,,,,,,,,,,,,
