,2012-01-31,2012-04-30,2012-10-31,2013-01-31,2013-04-30,2013-07-31,2013-10-31,2014-01-31,2014-04-30,2014-07-31,2014-10-31,2015-01-31,2015-10-31,2016-01-31
AccretionAmortizationOfDiscountsAndPremiumsInvestments,,,,,,,,-949808.000,0.000,,,,,
AllocatedShareBasedCompensationExpense,,,216073.000,,,,983930.000,,,,280475.000,,8000.000,
AmortizationOfDebtDiscountPremium,,,,,,,,,,,154768.000,,1518758.000,
AmortizationOfFinancingCosts,,,25788.000,,,,,,,,,,,
AmortizationOfFinancingCostsAndDiscounts,,,,,,,,,,,,,5476.000,
AssetRetirementObligationAccretionExpense,145912.000,149760.000,232188.000,224928.000,225498.000,373894.000,243976.000,244509.000,242608.000,312835.000,302208.000,258782.000,248299.000,246952.000
AssetRetirementObligationLiabilitiesIncurred,,,,,,,,,,,0.000,,,
AssetRetirementObligationLiabilitiesSettled,,,,,,,4381.000,,,,0.000,,0.000,
AssetRetirementObligationRevisionOfEstimate,,,,,,,,,,,-52431.000,,0.000,
AvailableForSaleSecuritiesGrossRealizedGainLossNet,,28359.000,-461964.000,-55956.000,,,,0.000,0.000,,,,,
BusinessCombinationSeparatelyRecognizedTransactionsAdditionalDisclosuresAcquisitionCostExpensed,,,37234752.000,,,,,0.000,0.000,,,,,
CapitalExpendituresIncurredButNotYetPaid,,,634092.000,,,,11373.000,,,,,,,
CashAndCashEquivalentsPeriodIncreaseDecrease,,,838562.000,,,,535109.000,,,,1698640.000,,-28159.000,
ComprehensiveIncomeNetOfTax,,,-37870076.000,-481782.000,-886083.000,-1237154.000,,,,,,,,
CostsAndExpensesRelatedParty,44856.000,96759.000,80493.000,82554.000,15912.000,17425.000,6754.000,0.000,0.000,0.000,0.000,0.000,,
CostsIncurredAssetRetirementObligationIncurred,,,99.000,,,,59518.000,,,,0.000,,0.000,
CostsIncurredDevelopmentCosts,,,685878.000,,,,,,,,,,,
CostsIncurredExplorationCosts,,,,,,,320000.000,,,,,,,
DebtConversionConvertedInstrumentAmount1,,,,,,,,,,,,,3120000.000,
DebtIssuanceCosts,,,,,,,,,,,283455.000,,,
DepreciationDepletionAndAmortization,213833.000,201294.000,273294.000,264768.000,221465.000,326453.000,300991.000,191764.000,179678.000,238404.000,224256.000,162166.000,489404.000,391219.000
DerivativeGainLossOnDerivativeNet,126803.000,40376.000,641594.000,414630.000,,,,0.000,0.000,,,,1273926.000,-439367.000
DividendsPreferredStockStock,,,,,,,,,,,0.000,,,
EarningsPerShareBasic,,0.010,,,-0.070,,,,,,,,,
EarningsPerShareBasicAndDiluted,0.000,,-3.230,-0.040,,,-0.120,-0.050,-0.080,-0.260,-0.080,-0.090,-0.180,-0.290
EarningsPerShareDiluted,,0.010,,,-0.070,,,,,,,,,
EffectOfExchangeRateOnCashAndCashEquivalents,,,,,,,,,,,0.000,,,
FairValueMeasurementWithUnobservableInputsReconciliationRecurringBasisLiabilityGainLossIncludedInEarnings,,,-641594.000,,,,,,,,,,,
FairValueMeasurementWithUnobservableInputsReconciliationRecurringBasisLiabilityPurchasesSalesIssuancesSettlements,,,-175540.000,,,,,,,,,,,
ForeignCurrencyTransactionGainLossBeforeTax,,,,,,,,-28971.000,-3380.000,,4759.000,-6401.000,714.000,-5275.000
GainLossOnDispositionOfAssets1,,,,,,,,0.000,0.000,,,,,
GainsLossesOnExtinguishmentOfDebt,,,,,,,,,,,,,,-640936.000
GeneralAndAdministrativeExpense,,,833097.000,758141.000,869719.000,837419.000,1561172.000,946325.000,645496.000,1432457.000,943280.000,980480.000,2366174.000,3109081.000
IncomeLossFromContinuingOperations,,,,,,,,-2225697.000,-1649151.000,,-1779523.000,-1951779.000,,
IncomeLossFromContinuingOperationsBeforeIncomeTaxesMinorityInterestAndIncomeLossFromEquityMethodInvestments,-464008.000,-210962.000,-37870076.000,-475919.000,-1014895.000,-1237154.000,-1593777.000,-1274758.000,-1593144.000,-2088571.000,-1780846.000,-1951761.000,-4151412.000,-7073400.000
IncomeTaxExpenseBenefit,-172131.000,-284050.000,,5863.000,-128812.000,,4599.000,0.000,0.000,0.000,0.000,0.000,0.000,
IncomeTaxesPaid,,,,,,,10000.000,,,,0.000,,0.000,
IncreaseDecreaseInAccountsPayableAndAccruedLiabilities,,,580603.000,,,,446804.000,,,,-554635.000,,-210872.000,
IncreaseDecreaseInAccountsReceivable,,,-31243.000,,,,-153614.000,,,,-132907.000,,-7499.000,
IncreaseDecreaseInAccountsReceivableRelatedParties,,,12960.000,,,,-92873.000,,,,-57957.000,,0.000,
IncreaseDecreaseInAssetRetirementObligations,,,-99.000,,,,-59518.000,,,,0.000,,,
IncreaseDecreaseInCustomerAdvances,,,214524.000,,,,5920.000,,,,30709.000,,0.000,
IncreaseDecreaseInDerivativeLiabilities,,,,,,,,,,,,,-1273926.000,
IncreaseDecreaseInDueToRelatedParties,,,,,,,,,,,-66957.000,,,
IncreaseDecreaseInDueToRelatedPartiesCurrent,,,,,,,,,,,,,78000.000,
IncreaseDecreaseInOtherCurrentAssets,,,-70187.000,,,,-122482.000,,,,,,-148475.000,
IncreaseDecreaseInOtherReceivables,,,,,,,,,,,,,291491.000,
IncreaseDecreaseInRestrictedCash,,,37215.000,,,,,,,,,,,
InterestIncomeExpenseNet,-35182.000,-19782.000,-41382.000,-48039.000,-41283.000,-368656.000,-203763.000,-36854.000,-20905.000,128567.000,-227777.000,-279727.000,-2356493.000,-1588524.000
InterestPaid,,,14831.000,,,,6520.000,,,,8054.000,,574974.000,
LeaseOperatingExpense,1062202.000,948176.000,1107678.000,1145922.000,1025745.000,1280856.000,1117332.000,811127.000,1559339.000,1425515.000,1297555.000,913290.000,1164974.000,898017.000
LineOfCreditFacilityInterestRateDuringPeriod,,,0.043,,,,,,,,,,,
LitigationSettlementAmount,,,,,,,,,,,65000.000,,,
NetCashProvidedByUsedInFinancingActivities,,,-97658.000,,,,-142465.000,,,,3166829.000,,1778261.000,
NetCashProvidedByUsedInFinancingActivitiesContinuingOperations,,,-97658.000,,,,-142465.000,,,,3166829.000,,1778261.000,
NetCashProvidedByUsedInInvestingActivities,,,-236096.000,,,,-21876.000,,,,-404941.000,,-90408.000,
NetCashProvidedByUsedInInvestingActivitiesContinuingOperations,,,-236096.000,,,,-21876.000,,,,-404941.000,,-90408.000,
NetCashProvidedByUsedInOperatingActivities,,,1172316.000,,,,699450.000,,,,-1063248.000,,-1716012.000,
NetCashProvidedByUsedInOperatingActivitiesContinuingOperations,,,1172316.000,,,,699450.000,,,,-1063248.000,,-1716012.000,
NetIncomeLoss,-291877.000,73088.000,-37870076.000,-481782.000,-886083.000,-1237154.000,-1598376.000,-1274758.000,-1593144.000,-2083044.000,,,,-7073400.000
NetIncomeLossAttributableToNoncontrollingInterest,,,,,,,,-1888.000,-1602.000,,-1323.000,18.000,0.000,
NetIncomeLossAvailableToCommonStockholdersBasic,,,,,,,,-1272870.000,-1591542.000,,-1779523.000,-1951779.000,-4151412.000,-7128000.000
OperatingExpenses,2395590.000,2138822.000,39761502.000,2476313.000,2358339.000,2836047.000,3230225.000,2193725.000,2627121.000,3409211.000,2767299.000,2314718.000,4268851.000,4645269.000
OperatingIncomeLoss,-555629.000,-259915.000,-37732997.000,-786554.000,-973612.000,-868498.000,-1390014.000,-1203993.000,-1569571.000,-2231608.000,-1561870.000,-1668370.000,-3057445.000,-3970453.000
OtherComprehensiveIncomeLossAvailableForSaleSecuritiesAdjustmentNetOfTax,,,-467755.000,,,,,,,,,,,
OtherComprehensiveIncomeLossNetOfTaxPeriodIncreaseDecrease,-365562.000,-593327.000,,,,,,,,,,,,
OtherComprehensiveIncomeLossReclassificationAdjustmentForSaleOfSecuritiesIncludedInNetIncomeNetOfTax,,,447755.000,,,,,,,,,,,
OtherComprehensiveIncomeUnrealizedHoldingGainLossOnSecuritiesArisingDuringPeriodNetOfTax,-73685.000,-666415.000,,,,,,,,,,,,
OtherComprehensiveIncomeUnrealizedHoldingGainLossOnSecuritiesArisingDuringPeriodTax,-32443.000,0.000,0.000,0.000,0.000,0.000,,,,,,,,
OtherGeneralAndAdministrativeExpense,928787.000,742833.000,,,,,,,,,,,,
OtherNonoperatingIncomeExpense,,,,,,,,,,,,,-12114.000,-428845.000
OtherThanTemporaryImpairmentLossesInvestmentsAvailableforsaleSecurities,,,,,,,,,0.000,,,,,
OtherThanTemporaryImpairmentLossesInvestmentsPortionRecognizedInEarningsNetAvailableforsaleSecurities,,,275327.000,,,,,0.000,,,,,,
PaymentsToAcquireOilAndGasProperty,,,399965.000,,,,11385.000,,,,401831.000,,90408.000,
PaymentsToAcquirePropertyPlantAndEquipment,,,,,,,10491.000,,,,3110.000,,0.000,
PreferredStockDividendsIncomeStatementImpact,,,,,,,,,0.000,,0.000,,,54600.000
ProceedsFromLinesOfCredit,,,,,,,,,,,3452812.000,,2116155.000,
ProceedsFromSaleOfAvailableForSaleSecurities,,,145237.000,,,,,,,,,,,
ProceedsFromSaleOfOilAndGasPropertyAndEquipment,,,55847.000,,,,,,,,,,,
ProfitLoss,,,,,,,,,,,-1780846.000,-1951761.000,-4151412.000,-7073400.000
ProvisionForDoubtfulAccounts,,,609.000,,,,,,,,,,,
RepaymentsOfNotesPayable,,,97658.000,,,,142465.000,,,,285983.000,,954561.000,
Revenues,1839961.000,1878907.000,2028505.000,1689759.000,1384727.000,1967549.000,1840211.000,989732.000,1057550.000,1177603.000,1205429.000,646348.000,1211406.000,674816.000
SalesRevenueNet,1839961.000,1878907.000,2028505.000,1689759.000,1384727.000,1967549.000,1840211.000,989732.000,1057550.000,1177603.000,1205429.000,646348.000,1211406.000,674816.000
ShareBasedCompensationArrangementByShareBasedPaymentAwardFairValueAssumptionsExpectedDividendRate,,,0.000,,,,0.000,,,,,,,
ShareBasedCompensationArrangementByShareBasedPaymentAwardFairValueAssumptionsExpectedVolatilityRateMaximum,,,1.410,,,,1.440,,,,,,,
ShareBasedCompensationArrangementByShareBasedPaymentAwardFairValueAssumptionsExpectedVolatilityRateMinimum,,,1.400,,,,1.171,,,,,,,
ShareBasedCompensationArrangementByShareBasedPaymentAwardFairValueAssumptionsRiskFreeInterestRateMaximum,,,0.012,,,,0.021,,,,,,,
ShareBasedCompensationArrangementByShareBasedPaymentAwardFairValueAssumptionsRiskFreeInterestRateMinimum,,,0.011,,,,0.020,,,,,,,
ShareBasedCompensationArrangementByShareBasedPaymentAwardOptionsExpirationsInPeriod,,,,,,,56000.000,,,,,,,
ShareBasedCompensationArrangementsByShareBasedPaymentAwardOptionsExpirationsInPeriodWeightedAverageExercisePrice,,,2.500,,,,2.500,,,,,,,
StockIssued1,,,,,,,1600000.000,,,,,,,
StockIssuedDuringPeriodValueIssuedForServices,,,,,,,,,,,,,-1564000.000,
StockIssuedDuringPeriodValueOther,,,,,,,1606795.000,,,,,,,
StockIssuedDuringPeriodValuePurchaseOfAssets,,,,,,,382772.000,,,,,,,
TemporaryEquityAccretionOfDividends,,,,,,,,-3019.000,57609.000,,,0.000,,
TransferOfOtherRealEstate,,,562048.000,,,,,,,,,,,
WeightedAverageNumberOfDilutedSharesOutstanding,,14345880.000,,,13281003.000,,,,,,,,,
WeightedAverageNumberOfShareOutstandingBasicAndDiluted,,,11706942.000,13281003.000,,,13281003.000,42600075.000,20963759.000,-61694055.000,21151819.000,21203773.000,23512300.000,24513915.000
WeightedAverageNumberOfSharesOutstandingBasic,,10791003.000,,,13281003.000,,,,,,,,,
WriteOffOfDeferredDebtIssuanceCost,,,,,,,,,,,,,149254.000,
