,2011-06-30,2012-03-31,2012-06-30,2012-09-30,2012-12-31,2013-03-31,2013-06-30,2013-09-30,2013-12-31,2014-03-31,2014-06-30,2014-09-30,2014-12-31,2015-03-31
AmortizationOfAcquisitionCosts,,,,,,1877955.000,,,,0.000,,,,107000.000
AmortizationOfDebtDiscountPremium,,42629.000,,,,30065.000,,,,4000.000,,,,0.000
AmortizationOfIntangibleAssets,,,67500.000,67500.000,,77574.000,100000.000,200000.000,222426.000,100000.000,200000.000,200000.000,300000.000,100000.000
BusinessAcquisitionsProFormaNetIncomeLoss,,,569000.000,-275309.000,,,,,,,,,,
BusinessAcquisitionsProFormaRevenue,,,34923000.000,33156738.000,,,,,,,,,,
BusinessCombinationProFormaInformationEarningsOrLossOfAcquireeSinceAcquisitionDateActual,,,634867.000,962189.000,,,,,,,,,,
BusinessCombinationProFormaInformationRevenueOfAcquireeSinceAcquisitionDateActual,,,3113029.000,3865302.000,,,,,,,,,,
CashAndCashEquivalentsPeriodIncreaseDecrease,,-14537812.000,,,,-9542063.000,,,,-1079000.000,,,,-61000.000
ComprehensiveIncomeNetOfTax,,305147.000,218444.000,-252510.000,-4329693.000,-1963716.000,-461000.000,612000.000,262716.000,1246000.000,2155000.000,-41000.000,-1086000.000,-1455000.000
ComprehensiveIncomeNetOfTaxAttributableToNoncontrollingInterest,,,,,,,58000.000,156000.000,,-132000.000,116000.000,105000.000,-1000.000,-4000.000
ComprehensiveIncomeNetOfTaxIncludingPortionAttributableToNoncontrollingInterest,,,,,,,-403000.000,768000.000,,1114000.000,2271000.000,64000.000,-1087000.000,-1459000.000
CostOfReimbursableExpense,1284869.000,1026736.000,1318366.000,1263675.000,1175962.000,836942.000,1255000.000,1240000.000,1116058.000,1209000.000,1428000.000,1244000.000,929000.000,1149000.000
CostsAndExpenses,33347596.000,32765311.000,33828447.000,33707629.000,37718502.000,33184284.000,35844000.000,32779000.000,35178716.000,39240000.000,42681000.000,44254000.000,44906000.000,37114000.000
DebtorReorganizationItemsEmployeeRelatedCharges,,,,964180.000,,,,,,,,,,
DeferredIncomeTaxExpenseBenefit,,286865.000,,,,-771114.000,,,,737000.000,,,,595000.000
DepreciationDepletionAndAmortization,,404041.000,321870.000,382796.000,204361.000,413569.000,,,,563000.000,,,,541000.000
EarningsPerShareBasic,0.090,0.050,0.080,-0.040,-0.600,-0.290,-0.050,0.090,0.020,0.160,0.290,0.180,-0.170,-0.140
EarningsPerShareBasicAndDiluted,,,,,,,-0.050,,,,,,,
EarningsPerShareDiluted,0.090,0.050,0.070,-0.040,-0.590,-0.290,,0.090,,0.150,0.270,0.170,-0.150,-0.140
EffectOfExchangeRateOnCashAndCashEquivalents,,-109364.000,,,,104549.000,,,,4000.000,,,,212000.000
GoodwillAcquiredDuringPeriod,,,,,,,,,,3753000.000,,,,0.000
GoodwillTranslationAdjustments,,,,,,,,,,163000.000,,,,-743000.000
IncomeLossFromContinuingOperationsBeforeIncomeTaxesMinorityInterestAndIncomeLossFromEquityMethodInvestments,1065609.000,620531.000,1054502.000,-595105.000,-6344235.000,-3254922.000,-544000.000,825000.000,88922.000,1669000.000,3609000.000,2287000.000,-2089000.000,-1472000.000
IncomeTaxExpenseBenefit,412126.000,272599.000,503109.000,-319796.000,-2136396.000,-1223282.000,-220000.000,323000.000,5282.000,641000.000,1391000.000,881000.000,-832000.000,-342000.000
IncreaseDecreaseInAccountsPayable,,378274.000,,,,1284718.000,,,,-338000.000,,,,-2519000.000
IncreaseDecreaseInAccountsReceivable,,5179037.000,,,,1839296.000,,,,6599000.000,,,,-6723000.000
IncreaseDecreaseInAccruedTaxesPayable,,,,,,-232967.000,,,,-434000.000,,,,-2076000.000
IncreaseDecreaseInEmployeeRelatedLiabilities,,-6254189.000,,,,-8860939.000,,,,-3889000.000,,,,-3293000.000
IncreaseDecreaseInIncomeTaxesReceivable,,-10760.000,,,,532593.000,,,,0.000,,,,
IncreaseDecreaseInOtherAccruedLiabilities,,523033.000,,,,-814658.000,,,,-3303000.000,,,,713000.000
IncreaseDecreaseInOtherOperatingAssets,,50767.000,,,,1263438.000,,,,-392000.000,,,,548000.000
IncreaseDecreaseInPrepaidExpense,,190877.000,,,,-215166.000,,,,-885000.000,,,,-1916000.000
IncrementalCommonSharesAttributableToShareBasedPaymentArrangements,,,,,,0.000,0.000,406296.000,-406296.000,523025.000,462569.000,515833.000,-1225220.000,0.000
InterestExpense,-6919.000,,40324.000,44214.000,,,,,,,,,,
InterestIncomeExpenseNet,,,,,,-54048.000,-65000.000,-37000.000,-22952.000,-49000.000,-79000.000,-12000.000,-126000.000,-68000.000
LaborAndRelatedExpense,25548189.000,24949778.000,25364399.000,25761870.000,29656311.000,24067140.000,26240000.000,24667000.000,25578860.000,29420000.000,32832000.000,33448000.000,33027000.000,24370000.000
LiabilitiesFairValueAdjustment,,,,,,,,,,,,,,-167000.000
NetCashProvidedByUsedInFinancingActivities,,-117022.000,,,,3197874.000,,,,12302000.000,,,,6000.000
NetCashProvidedByUsedInFinancingActivitiesContinuingOperations,,-117022.000,,,,3197874.000,,,,12302000.000,,,,6000.000
NetCashProvidedByUsedInInvestingActivities,,-5309589.000,,,,-94000.000,,,,-2810000.000,,,,-1213000.000
NetCashProvidedByUsedInInvestingActivitiesContinuingOperations,,-5309589.000,,,,-94000.000,,,,-2810000.000,,,,-1213000.000
NetCashProvidedByUsedInOperatingActivities,,-9111201.000,,,,-12645937.000,,,,-10571000.000,,,,1146000.000
NetCashProvidedByUsedInOperatingActivitiesContinuingOperations,,-9111201.000,,,,-12645937.000,,,,-10571000.000,,,,1146000.000
NetIncomeLoss,653483.000,347932.000,551393.000,-275309.000,-4207839.000,-2031640.000,-382000.000,658000.000,123640.000,1160000.000,2102000.000,1301000.000,-1256000.000,-1126000.000
NetIncomeLossAttributableToRedeemableNoncontrollingInterest,,,,,,,58000.000,-156000.000,,-132000.000,116000.000,105000.000,-1000.000,-4000.000
OperatingIncomeLoss,1058690.000,659833.000,1094826.000,-550891.000,-6308411.000,-3200874.000,-479000.000,862000.000,111874.000,1718000.000,3688000.000,2299000.000,-1963000.000,-1404000.000
OtherComprehensiveIncomeForeignCurrencyTransactionAndTranslationAdjustmentNetOfTaxPeriodIncreaseDecrease,,-42785.000,,,,,,,,,,,,
OtherComprehensiveIncomeLossForeignCurrencyTransactionAndTranslationAdjustmentNetOfTax,,,-332949.000,22799.000,,67924.000,-79000.000,266000.000,-172924.000,86000.000,53000.000,-1342000.000,170000.000,-329000.000
OtherComprehensiveIncomeLossNetOfTaxPortionAttributableToParent,,-42785.000,-332949.000,22799.000,-121854.000,,,,,,,,,
OtherGeneralAndAdministrativeExpense,6514538.000,6788797.000,7145682.000,6682084.000,6886229.000,8280202.000,8349000.000,6872000.000,8483798.000,8611000.000,8421000.000,9562000.000,10950000.000,11595000.000
PaymentsForRepurchaseOfCommonStock,,,,,,0.000,,,,,,,,
PaymentsForRestructuring,,,,-228606.000,,,,,,,,,,
PaymentsToAcquireBusinessesNetOfCashAcquired,,5250000.000,,,,0.000,,,,2336000.000,,,,0.000
PaymentsToAcquireNotesReceivable,,,,,,,,,,1046000.000,,,,673000.000
PaymentsToAcquirePropertyPlantAndEquipment,,59589.000,,,,94000.000,148000.000,,,428000.000,,,,540000.000
ProceedsFromIssuanceOfCommonStock,,,,,,,,,,,,,,4143000.000
ProceedsFromLinesOfCredit,,,,,,5862402.000,,,,15019000.000,,,,
ProceedsFromRepaymentsOfLinesOfCredit,,,,,,,,,,,,,,-4109000.000
ProfitLoss,,,,,,,-324000.000,502000.000,,1028000.000,2218000.000,1406000.000,-1257000.000,-1130000.000
ReimbursementRevenue,1321617.000,1022399.000,1169007.000,1151349.000,1190912.000,800043.000,1142000.000,1088000.000,971957.000,1088000.000,1256000.000,1114000.000,832000.000,1034000.000
RepaymentsOfLongTermDebt,,38423.000,,,,2664528.000,,,,2717000.000,,,,28000.000
RestructuringCharges,,,,964180.000,,0.000,426000.000,212000.000,144000.000,,,,,
Revenues,34406286.000,33425144.000,34923273.000,33156738.000,31410091.000,29983410.000,35365000.000,33641000.000,35290590.000,40958000.000,46369000.000,46553000.000,42943000.000,35710000.000
SalesRevenueNet,34406286.000,33425144.000,34923273.000,33156738.000,31410091.000,29983410.000,35365000.000,33641000.000,35290590.000,40958000.000,46369000.000,46553000.000,42943000.000,35710000.000
SalesRevenueServicesNet,33084669.000,32402745.000,33754266.000,32005389.000,30219179.000,29183367.000,34223000.000,32553000.000,34318633.000,39870000.000,45113000.000,45439000.000,42111000.000,34676000.000
SeveranceCosts,,,,1110694.000,,,,,,,,,,
ShareBasedCompensation,,321574.000,,,,175348.000,,,,138000.000,,,,-9000.000
ShareBasedCompensationArrangementByShareBasedPaymentAwardOptionsExpirationsInPeriod,,,,,,0.000,,,,0.000,,,,0.000
ShareBasedCompensationArrangementByShareBasedPaymentAwardOptionsForfeituresInPeriod,,,,,,1000.000,,,,0.000,,,,50498.000
ShareBasedCompensationArrangementByShareBasedPaymentAwardOptionsGrantsInPeriodGross,,,,,,0.000,,,,0.000,,,,0.000
ShareBasedCompensationArrangementsByShareBasedPaymentAwardOptionsExercisesInPeriodWeightedAverageExercisePrice,,,,,,0.000,,,,0.000,,,,0.000
ShareBasedCompensationArrangementsByShareBasedPaymentAwardOptionsExpirationsInPeriodWeightedAverageExercisePrice,,,,,,0.000,,,,0.000,,,,0.000
ShareBasedCompensationArrangementsByShareBasedPaymentAwardOptionsForfeituresInPeriodWeightedAverageExercisePrice,,,,,,5.350,,,,0.000,,,,7.430
ShareBasedCompensationArrangementsByShareBasedPaymentAwardOptionsGrantsInPeriodWeightedAverageExercisePrice,,,,,,0.000,,,,0.000,,,,0.000
StockIssuedDuringPeriodSharesStockOptionsExercised,,,,,,0.000,,,,0.000,,,,0.000
TranslationAdjustmentFunctionalToReportingCurrencyNetOfTaxPeriodIncreaseDecrease,,,,-146514.000,,,,,,,,,,
WeightedAverageNumberOfDilutedSharesOutstanding,7551020.000,7469563.000,7488327.000,7081963.000,-14952084.000,7019237.000,7035919.000,7476476.000,-14475898.000,7661502.000,7659910.000,7774074.000,-15605934.000,8175045.000
WeightedAverageNumberOfShareOutstandingBasicAndDiluted,,,,,,,7035919.000,,,,,,,
WeightedAverageNumberOfSharesOutstandingBasic,7183163.000,7135485.000,7151227.000,7081963.000,,7019237.000,,7070180.000,,7138477.000,7197341.000,7258241.000,,8175045.000
