,2011-06-30,2011-09-30,2012-06-30,2012-09-30,2013-03-31,2013-06-30,2013-09-30,2013-12-31,2014-03-31,2014-06-30,2014-09-30,2014-12-31,2015-03-31,2015-06-30,2015-09-30,2015-12-31,2016-03-31,2016-06-30,2016-09-30,2016-12-31,2017-03-31
AdjustmentsToReconcileNetIncomeLossToCashProvidedByUsedInOperatingActivities,,,,,,,,,,,,,52493.000,-12102.000,7283.000,42363.000,-21083.000,12794.000,-2275.000,-45778.000,11675.000
AdministrativeFeesAmountPaid,,,17878.000,35726.000,40646.000,,,,,,,,,,,,,,,,
AffiliateCosts,13219.000,11675.000,17171.000,18561.000,27461.000,28053.000,28654.000,34968.000,41582.000,10596.000,27224.000,1.000,36286.000,,0.000,,,,,,
AmortizationOfDebtDiscountPremium,2025.000,1946.000,3217.000,3386.000,3516.000,3585.000,3643.000,14828.000,3822.000,4096.000,4450.000,13590.000,6124.000,-5520.000,-6650.000,,,,,,
AmortizationOfDeferredLoanOriginationFeesNet,,,,,-3516.000,,,,-3822.000,,,,-6124.000,-5520.000,-6650.000,-14852.000,,,,,
AmortizationOfFinancingCosts,,,,,27840.000,,,,31509.000,,,,31691.000,42526.000,37913.000,27352.000,18340.000,,9799.000,,
AssetManagementCosts,,,,,,0.000,0.000,,0.000,18031.000,19422.000,1.000,0.000,0.000,0.000,,0.000,,,,
AssetManagementFees,,,23623.000,25234.000,0.000,,,,,,,,,,,,,,,,
AssetManagementFees1,,,,,,0.000,0.000,,0.000,18031.000,19422.000,1.000,0.000,0.000,0.000,,0.000,,,,
CashAndCashEquivalentsPeriodIncreaseDecrease,,,,,-1039517.000,,,,647126.000,,,,-130142.000,708709.000,1180478.000,-1214520.000,1101996.000,978881.000,205931.000,-1900793.000,773397.000
DistributionMadeToLimitedLiabilityCompanyLLCMemberCashDistributionsPaid,,,,,,,,,,,,,-332912.000,526229.000,475803.000,1162877.000,474784.000,409581.000,486531.000,651122.000,734950.000
FeesAndCommissions,,,12900.000,60125.000,28540.000,33200.000,42647.000,47010.000,52701.000,59288.000,62050.000,22525.000,27925.000,71603.000,126202.000,142805.000,132088.000,118380.000,,,
FeesAndCommissionsOther,,,1192.000,3465.000,8313.000,1959.000,12438.000,5514.000,8319.000,6451.000,10045.000,11518.000,4322.000,12273.000,13567.000,26057.000,22249.000,18975.000,,,
FinancingReceivableModificationsNumberOfContracts2,,,,,,,,,0.000,0.000,0.000,0.000,0.000,,,,,,,,
IncreaseDecreaseDueFromAffiliates,,,,,20089.000,,,,-15037.000,,,,-77347.000,,,,,3541.000,-3541.000,,
IncreaseDecreaseInAccountsPayable,,,,,-9031.000,,,,27018.000,,,,,,,,2124.000,-2124.000,,,
IncreaseDecreaseInAccruedInterestReceivableNet,,,,,1898.000,,,,5461.000,,,,20407.000,1053.000,13042.000,-1570.000,39022.000,2586.000,16239.000,52710.000,-1338.000
IncreaseDecreaseInDeferredCharges,,,,,40646.000,,,,30878.000,,,,,,,,,,,,
IncreaseDecreaseInDueToAffiliates,,,,,20059.000,,,,-15650.000,,,,,,,,,,,,
IncreaseDecreaseInOtherOperatingAssets,,,,,,,,,,,,,-462.000,1.000,-432.000,-13441.000,2525.000,-1.000,-624.000,0.000,-873.000
IncreaseDecreaseInOtherReceivables,,,,,1101.000,,,,,,,,,,,,,,,,
IncreaseDecreaseInPrepaidExpense,,,,,,,,,-25000.000,,,,,,,,,,,,
InterestAndFeeIncomeLoansAndLeases,136197.000,170701.000,133220.000,168162.000,261296.000,253450.000,242866.000,306969.000,315177.000,333001.000,341278.000,374061.000,398467.000,414236.000,464914.000,,,,,,
InterestAndFeeIncomeOtherLoans,2025.000,1946.000,3217.000,3386.000,3516.000,3585.000,3643.000,14828.000,3822.000,4096.000,4450.000,13590.000,6124.000,5520.000,6650.000,14852.000,,,,,
InterestIncomeOperating,138765.000,171697.000,136437.000,171548.000,264812.000,257035.000,246509.000,321797.000,318999.000,337097.000,345728.000,387651.000,404591.000,,,,,,,,
InterestRevenueExpenseNet,136740.000,169751.000,133220.000,168162.000,261296.000,253450.000,242866.000,306969.000,315177.000,333001.000,341278.000,374061.000,398467.000,411164.000,462963.000,559224.000,594992.000,625924.000,696544.000,766544.000,835980.000
LateFeeIncomeGeneratedByServicingFinancialAssetsAmount,589.000,277.000,1908.000,996.000,2849.000,481.000,2623.000,1078.000,1219.000,3058.000,3264.000,2883.000,2260.000,3072.000,1951.000,3963.000,3254.000,3559.000,4539.000,3676.000,6189.000
LimitedLiabilityCompanyLLCOrLimitedPartnershipLPManagingMemberOrGeneralPartnerOwnershipInterest,,,,,0.010,,,,0.010,,,,0.010,0.010,0.010,-0.020,0.010,0.010,0.010,-0.020,0.010
LimitedLiabilityCompanyLLCOrLimitedPartnershipLPMembersOrLimitedPartnersOwnershipInterest,,,,,,,,,,,,,0.990,0.990,0.990,-1.980,0.990,0.990,0.990,-1.980,0.990
LoansAndLeasesReceivableCommitmentsToPurchaseOrSell,,,,,1000000.000,,,,,,,,,,,,,,,,
MortgageLoansOnRealEstateCollectionsOfPrincipal,,,,,,,,,,,,,,,,,,,,,5236520.000
MortgageLoansOnRealEstateMaximumInterestRateInRange,,,,,0.110,,,,0.110,,0.100,,0.100,,,,0.100,,,,
MortgageLoansOnRealEstateMinimumInterestRateInRange,,,,,0.077,,,,0.072,,0.072,,0.072,,,,0.075,,,,
MortgageLoansOnRealEstateNewMortgageLoans,,,,,,,,,,,,,,,,,0.000,,,,8607733.000
MortgageLoansOnRealEstateNumberOfLoans,,,,,42.000,,,,48.000,,,,53.000,,,,,,,,
NetCashProvidedByUsedInFinancingActivities,,,,,85891.000,,,,706120.000,,,,,,,,,2151117.000,3043864.000,,3325256.000
NetCashProvidedByUsedInFinancingActivitiesContinuingOperations,,,,,85891.000,,,,706120.000,,,,,,,,,2151117.000,3043864.000,,3325256.000
NetCashProvidedByUsedInInvestingActivities,,,,,-1324333.000,,,,-307415.000,,,,-2114720.000,-858059.000,-534006.000,-4678118.000,-2271350.000,-1388812.000,-3514850.000,,-3380354.000
NetCashProvidedByUsedInInvestingActivitiesContinuingOperations,,,,,-1324333.000,,,,-307415.000,,,,-2114720.000,-858059.000,-534006.000,-4678118.000,-2271350.000,-1388812.000,-3514850.000,,-3380354.000
NetCashProvidedByUsedInOperatingActivities,,,,,198925.000,,,,248421.000,,,,402555.000,368874.000,458586.000,617154.000,549076.000,626157.000,676917.000,699988.000,828495.000
NetCashProvidedByUsedInOperatingActivitiesContinuingOperations,,,,,198925.000,,,,248421.000,,,,402555.000,368874.000,458586.000,617154.000,549076.000,626157.000,676917.000,699988.000,828495.000
NetIncomeLoss,,,,,,,,,,,,,,,,,,,679192.000,,816820.000
NetIncomeLossAllocatedToGeneralPartners,1162.000,1512.000,1033.000,1391.000,2238.000,1892.000,1867.000,2849.000,2018.000,2619.000,2669.000,3631.000,3501.000,3809.000,4513.000,5748.000,5702.000,6134.000,6792.000,7457.000,8168.000
NetIncomeLossAllocatedToLimitedPartners,115015.000,149699.000,102224.000,137699.000,221553.000,187329.000,184864.000,282031.000,199828.000,259328.000,264182.000,359448.000,346561.000,377167.000,446790.000,569043.000,564457.000,607229.000,672400.000,738309.000,808652.000
NetIncomeLossPerOutstandingLimitedPartnershipUnit,14.000,15.000,,,,,,,,,,,,,,,,,,,
NetIncomeLossPerOutstandingLimitedPartnershipUnitBasicNetOfTax,,,,,,11.000,12.000,,13.000,,,,,,,,,,,,
OperatingExpenses,21202.000,18917.000,32171.000,30068.000,40454.000,64710.000,58758.000,23217.000,114599.000,74112.000,77741.000,13916.000,50715.000,33260.000,13611.000,-11654.000,28087.000,16120.000,21891.000,24454.000,25349.000
OriginationOfNotesReceivableFromRelatedParties,,,,,16960.000,,,,65961.000,,,,152561.000,133458.000,138980.000,195067.000,245350.000,170486.000,273910.000,262125.000,315951.000
OtherCostAndExpenseOperating,1477.000,848.000,7756.000,4503.000,2061.000,7742.000,3088.000,1285.000,3271.000,14742.000,2614.000,2673.000,1626.000,12491.000,110.000,33.000,4206.000,-20.000,1663.000,2355.000,1039.000
OtherInterestAndDividendIncome,543.000,-950.000,,,,,,,,,,,,,,,,,,,
OtherSalesRevenueNet,50.000,100.000,300.000,,100.000,,,,49.000,,50.000,,50.000,,,,,,,,
PartnersCapitalAccountDistributions,,,,,-150300.000,,,,-138511.000,,,,,,,,,,,,
PartnersCapitalAccountRedemptions,,,,,,,,,,,,,,,,,,,,,33152.000
PaymentForAdministrativeFees,,,,,,29676.000,56836.000,,30878.000,43385.000,26810.000,36639.000,36600.000,53574.000,18020.000,0.000,0.000,0.000,,,
PaymentsForLoans,,,,,,,,,,,,,36600.000,53574.000,,,,,,,
PaymentsForOtherOperatingActivities,,,,,,,,,,,,,-27093.000,33310.000,13179.000,,,,,,
PaymentsForProceedsFromOtherInvestingActivities,,,,,,,,,,,,,154.000,81.000,13376.000,-3186.000,,,,,9141.000
PaymentsOfFinancingCosts,,,,,20059.000,,,,32429.000,,,,124679.000,52639.000,98744.000,55006.000,105837.000,130898.000,121616.000,213908.000,166756.000
PaymentsToAcquireFinanceReceivables,,,,,,,,,,,,,,,,,-2205.000,540.000,-311.000,,
PaymentsToAcquireLoansReceivable,,,,,,,,,2536750.000,,,,3660000.000,5357393.000,5256730.000,7881500.000,6092500.000,8075000.000,7620750.000,10713926.000,8607733.000
PaymentsToAcquireNotesReceivable,,,,,3801331.000,,,,736000.000,,,,0.000,,,,,,,,
PaymentsToAcquireOtherReceivables,,,,,,,,,,,,,,,,,6092500.000,,,,
ProceedsFromCollectionOfLoansReceivable,,,,,2476998.000,,,,2965335.000,,,,1545434.000,4499415.000,4736100.000,3200196.000,3818945.000,6686728.000,4105589.000,5127659.000,5236520.000
ProceedsFromInterestReceived,,,,,,,,,,,,,409752.000,452636.000,455652.000,540386.000,574310.000,623339.000,690103.000,720766.000,837318.000
ProceedsFromLoans,,,,,,,,,,,,,2310.000,3122.000,1951.000,3863.000,3304.000,3609.000,4589.000,3676.000,6189.000
ProceedsFromPartnershipContribution,,,,,273210.000,,,,943021.000,,,,2183809.000,1910220.000,1969425.000,,,,,,
ProfessionalFees,2075.000,1550.000,2858.000,2125.000,3325.000,20955.000,19797.000,-21840.000,60733.000,20954.000,17762.000,0.000,643.000,7716.000,0.000,9666.000,6625.000,,,,
ProfitLoss,116177.000,151211.000,103257.000,139090.000,223791.000,189221.000,186731.000,284880.000,201846.000,261947.000,266851.000,363079.000,350062.000,380976.000,451303.000,574791.000,570159.000,613363.000,679192.000,745766.000,816820.000
ProvisionForLoanAndLeaseLosses,,,,,,0.000,0.000,,0.000,0.000,0.000,0.000,0.000,0.000,0.000,,,,,,
RepaymentOfNotesReceivableFromRelatedParties,,,,,,,,,,,,,8366.000,,,,,,,,
Revenues,137379.000,170128.000,135428.000,169158.000,264245.000,253931.000,245489.000,308097.000,316445.000,336059.000,344592.000,376995.000,400777.000,414236.000,464914.000,563137.000,598246.000,629483.000,701083.000,770220.000,842169.000
SalesRevenueNet,137379.000,170128.000,135428.000,169158.000,264245.000,253931.000,245489.000,308097.000,316445.000,336059.000,344592.000,376995.000,400777.000,414236.000,464914.000,563137.000,598246.000,629483.000,701083.000,770220.000,842169.000
ServicingFeesNet,,,4386.000,4879.000,7607.000,7960.000,7219.000,8804.000,9013.000,9789.000,10719.000,11241.000,12160.000,13053.000,13501.000,14933.000,17256.000,18265.000,,,
StateAndLocalIncomeTaxExpenseBenefitContinuingOperations,,,,,1050.000,,,,800.000,,,,800.000,,,,,,,,
