,2011-09-30,2012-03-31,2012-06-30,2012-09-30,2012-12-31,2013-03-31,2013-06-30,2013-09-30,2013-12-31,2014-03-31,2014-06-30,2014-09-30,2014-12-31,2015-03-31,2015-06-30,2015-09-30,2015-12-31,2016-03-31,2016-06-30,2016-09-30,2016-12-31,2017-03-31
AllocatedShareBasedCompensationExpense,,,1688.000,44638.000,,192165.000,,,,,,,,,,,,,,,,12439.000
AmortizationOfDebtDiscountPremium,,,,,,,,,,,,,,9476.000,,,,117654.000,143369.000,145130.000,,
AmortizationOfFinancingCosts,,,,,,,,,,,,,,1023.000,,,,,,,,
AmortizationOfFinancingCostsAndDiscounts,,,,,,,,,,,,,,,,,,,,,,383341.000
AmortizationOfIntangibleAssets,,16071.000,16071.000,16071.000,16073.000,16071.000,,16071.000,,16072.000,16072.000,16072.000,16070.000,16071.000,32143.000,16072.000,0.000,16071.000,,,,16071.000
AntidilutiveSecuritiesExcludedFromComputationOfEarningsPerShareAmount,,,,,,,,5886400.000,,,,,,,,,,,,54495233.000,,
CashAcquiredFromAcquisition,,0.000,,,,,,,,,,,,,,,,,,,,
CashAndCashEquivalentsPeriodIncreaseDecrease,,-200460.000,,,,-167641.000,,,,-875024.000,,,,63040.000,,,,-364.000,,,,-297261.000
CostOfGoodsSold,2834.000,27595.000,4162.000,9120.000,15982.000,47937.000,7971.000,118515.000,103782.000,54558.000,21986.000,82061.000,17224.000,32110.000,66778.000,50069.000,91513.000,15922.000,8707.000,17233.000,52285.000,8933.000
DebtInstrumentConvertibleBeneficialConversionFeature,,,,,,,,,,,,,,120103.000,,,,,,,,
DepreciationAmortizationAndAccretionNet,,,,,,16500.000,,,,17547.000,,,,17788.000,,,,17716.000,,,,17126.000
DerivativeGainLossOnDerivativeNet,,,,,,,,,,,,,,-11372.000,33689.000,252014.000,,0.000,0.000,-2577655.000,,
EarningsPerShareBasicAndDiluted,-0.020,-0.020,-0.020,-0.020,-0.030,-0.040,-0.030,-0.040,-0.070,-0.040,-0.030,-0.030,-0.020,-0.020,-0.020,-0.010,-0.010,-0.010,-0.010,-0.100,0.030,-0.020
EmployeeServiceShareBasedCompensationTaxBenefitRealizedFromExerciseOfStockOptions,,,,,,,,,,,,,,,,,,,,,,0.000
FairValueAdjustmentOfWarrants,,,,,,,,,,,,,,,,,,0.000,,,,
FairValueAssumptionsExpectedDividendRate,,,,,,,,,,,,,,0.000,,,,,,,,
FairValueAssumptionsExpectedVolatilityRate,,,,,,,,,,,,,,0.800,,,,,,,,
FairValueAssumptionsRiskFreeInterestRate,,,,,,,,,,,,,,0.014,,,,,,,,
FinancingInterestExpense,,,,,,,,,,,,,,,,,,,,350000.000,,
ForeignCurrencyTransactionGainLossBeforeTax,,,,,,,,,,,,,,,,,,0.000,,,,
ForeignCurrencyTransactionGainLossRealized,,-1142.000,1768.000,301.000,-4138.000,,0.000,1979.000,,-625.000,-96.000,-101.000,-12.000,290.000,,,,,,,,
GainsLossesOnExtinguishmentOfDebt,,,,,,,,,,,,,,,,-219993.000,,,,0.000,,
GeneralAndAdministrativeExpense,115208.000,124536.000,139435.000,234632.000,537963.000,528170.000,421570.000,954261.000,1849741.000,1105230.000,708436.000,643970.000,487442.000,515922.000,384175.000,369928.000,305685.000,213957.000,112816.000,471944.000,274562.000,235647.000
GrossProfit,-2110.000,-8741.000,-1786.000,-6600.000,2522.000,-24601.000,-5853.000,99005.000,-23344.000,-10731.000,-595.000,39432.000,-4353.000,19219.000,-27927.000,-45467.000,-87354.000,-3615.000,7574.000,-5538.000,6310.000,-4454.000
IncomeTaxesPaidNet,,0.000,,,,,,,,3000.000,,,,5000.000,,,,4000.000,,,,
IncreaseDecreaseInAccountsPayable,,-20911.000,,,,61473.000,,,,-99202.000,,,,107949.000,,,,-21147.000,,,,30203.000
IncreaseDecreaseInAccountsReceivable,,-8188.000,,,,-3335.000,,,,57186.000,,,,30731.000,,,,2595.000,,,,-4420.000
IncreaseDecreaseInAccruedLiabilities,,-1852.000,,,,24942.000,,,,-228114.000,,,,-115815.000,,,,-104277.000,,,,5767.000
IncreaseDecreaseInDeferredRevenue,,,,,,,,,,,,,,95825.000,,,,0.000,,,,
IncreaseDecreaseInInterestPayableNet,,,,,,,,,,,,,,,,,,0.000,,,,
IncreaseDecreaseInInventories,,1130.000,,,,-8570.000,,,,13053.000,,,,-18002.000,,,,-5782.000,,,,-559.000
IncreaseDecreaseInOtherOperatingAssets,,,,,,,,,,,,,,,,,,-3625.000,,,,
IncreaseDecreaseInPrepaidExpense,,527.000,,,,-36193.000,,,,106637.000,,,,14019.000,,,,-223.000,,,,9622.000
InterestExpenseRelatedParty,4224.000,4178.000,-4178.000,-5166.000,23550.000,4764.000,-4823.000,-4842.000,24593.000,4728.000,4940.000,5310.000,5031.000,17488.000,218419.000,102500.000,-173620.000,157341.000,189671.000,1176014.000,420011.000,442859.000
InterestPaid,,0.000,,,,,,,,0.000,,,,0.000,,,,0.000,,,,7136.000
IssuanceOfStockAndWarrantsForServicesOrClaims,,0.000,,,,5250.000,,,,74160.000,,,,12105.000,,,,,,,,
LeaseAndRentalExpense,,,,,,19728.000,,10132.000,,14382.000,14382.000,14381.000,14379.000,14381.000,14380.000,14381.000,145796.000,4950.000,5400.000,1800.000,-7795.000,900.000
NetCashProvidedByUsedInFinancingActivities,,0.000,,,,250000.000,,,,250500.000,,,,432000.000,,,,402000.000,,,,
NetCashProvidedByUsedInFinancingActivitiesContinuingOperations,,0.000,,,,250000.000,,,,250500.000,,,,432000.000,,,,402000.000,,,,
NetCashProvidedByUsedInInvestingActivities,,0.000,,,,-2451.000,,,,-4140.000,,,,0.000,,,,0.000,,,,-3314.000
NetCashProvidedByUsedInInvestingActivitiesContinuingOperations,,0.000,,,,-2451.000,,,,-4140.000,,,,0.000,,,,0.000,,,,-3314.000
NetCashProvidedByUsedInOperatingActivities,,-200460.000,,,,-415190.000,,,,-1121384.000,,,,-368960.000,,,,-402364.000,,,,-293947.000
NetCashProvidedByUsedInOperatingActivitiesContinuingOperations,,-200460.000,,,,-415190.000,,,,-1121384.000,,,,-368960.000,,,,-402364.000,,,,-293947.000
NoncashOrPartNoncashAcquisitionNoncashFinancialOrEquityInstrumentConsiderationSharesIssued1,,0.000,,,,,,,,,,,,,,,,,,,,
NoncashOrPartNoncashAcquisitionValueOfAssetsAcquired1,,0.000,,,,,,,,,,,,,,,,,,,,
NoncashOrPartNoncashAcquisitionValueOfLiabilitiesAssumed1,,0.000,,,,,,,,,,,,,,,,,,,,
OperatingExpenses,342272.000,243344.000,274257.000,354267.000,576047.000,638057.000,508562.000,1209047.000,2269786.000,1547399.000,1205512.000,1192688.000,752501.000,754092.000,483310.000,417755.000,304601.000,254379.000,185609.000,510720.000,317977.000,290867.000
OperatingIncomeLoss,-344382.000,-252085.000,-276043.000,-360867.000,-573525.000,-662658.000,-514415.000,-1110042.000,-2293130.000,-1558130.000,-1206107.000,-1153256.000,-756854.000,-734873.000,-511237.000,-463222.000,-391955.000,-257994.000,-178035.000,-516258.000,-311667.000,-295321.000
OtherExpenses,,5320.000,,,,,,,,2940.000,-48.000,1259.000,,4999.000,71.000,181.000,,4010.000,0.000,1.000,,
PaymentsToAcquirePropertyPlantAndEquipment,,,,,,2451.000,,,,4140.000,,,,0.000,,,,,,,,3314.000
ProceedsFromContributedCapital,,0.000,,,,,,,,,,,,,,,,,,,,
ProceedsFromConvertibleDebt,,,,,,,,,,,,,,432000.000,,,,402000.000,,,,
ProceedsFromIssuanceOfCommonStock,,0.000,,,,250000.000,,,,250000.000,,,,0.000,,,,,,,,
ProceedsFromIssuanceOfWarrants,,15142.000,,,,,,,,,,,,,,,,,,,,
ProceedsFromStockOptionsExercised,,,,,,,,,,500.000,,,,0.000,,,,,,,,
ProfitLoss,-348606.000,-257405.000,-281989.000,-366334.000,-578387.000,-667422.000,-519238.000,-1116863.000,-2297980.000,-1566423.000,-1211095.000,-1159926.000,-762495.000,-676287.000,-686238.000,-533882.000,-593407.000,-419345.000,-367706.000,-4619928.000,1669455.000,-708100.000
RelatedPartyTransactionExpensesFromTransactionsWithRelatedParty,,,,,,,,,,30599.000,,,,,,,,,,,,
ResearchAndDevelopmentExpense,94222.000,51628.000,67924.000,26116.000,33270.000,28661.000,19822.000,151946.000,342063.000,269434.000,412255.000,518632.000,232348.000,205419.000,96992.000,46751.000,3626.000,21772.000,19929.000,16071.000,26072.000,41707.000
RevenueFromRelatedParties,,,,,,,,,,42600.000,19766.000,119280.000,354.000,34906.000,35231.000,0.000,-137.000,,,,,
Revenues,724.000,18854.000,2376.000,2520.000,18504.000,23336.000,2118.000,217520.000,80438.000,43827.000,21391.000,121493.000,12871.000,51329.000,38851.000,4602.000,4159.000,12307.000,16281.000,11695.000,58595.000,4479.000
SalesRevenueNet,724.000,18854.000,2376.000,2520.000,18504.000,23336.000,2118.000,217520.000,80438.000,43827.000,21391.000,121493.000,12871.000,51329.000,38851.000,4602.000,4159.000,12307.000,16281.000,11695.000,58595.000,4479.000
SellingAndMarketingExpense,132842.000,67180.000,66898.000,93519.000,4814.000,81226.000,67170.000,102840.000,77982.000,172735.000,84821.000,30086.000,32711.000,32751.000,2143.000,1076.000,-4710.000,18650.000,52864.000,22705.000,17343.000,13513.000
ShareBasedCompensation,,73482.000,,,,192165.000,,472820.000,,503772.000,106215.000,71710.000,80308.000,205175.000,36071.000,25977.000,12565.000,0.000,0.000,225877.000,12439.000,12439.000
ShareBasedCompensationArrangementByShareBasedPaymentAwardFairValueAssumptionsExpectedDividendRate,,,,,,0.000,,,,0.000,,,,0.000,,,,0.000,,,,
ShareBasedCompensationArrangementByShareBasedPaymentAwardFairValueAssumptionsExpectedVolatilityRate,,,,,,0.850,,,,,,,,,,,,0.000,,,,
ShareBasedCompensationArrangementByShareBasedPaymentAwardFairValueAssumptionsExpectedVolatilityRateMaximum,,,,,,,,,,0.984,,,,0.910,,,,,,,,
ShareBasedCompensationArrangementByShareBasedPaymentAwardFairValueAssumptionsExpectedVolatilityRateMinimum,,,,,,,,,,0.856,,,,0.790,,,,,,,,
ShareBasedCompensationArrangementByShareBasedPaymentAwardFairValueAssumptionsRiskFreeInterestRate,,,,,,,,,,,,,,,,,,0.000,,,,
ShareBasedCompensationArrangementByShareBasedPaymentAwardFairValueAssumptionsRiskFreeInterestRateMaximum,,,,,,0.010,,,,0.023,,,,0.019,,,,,,,,
ShareBasedCompensationArrangementByShareBasedPaymentAwardFairValueAssumptionsRiskFreeInterestRateMinimum,,,,,,0.007,,,,0.005,,,,0.013,,,,,,,,
ShareBasedCompensationArrangementByShareBasedPaymentAwardNonOptionEquityInstrumentsExercised,,,,,,,,,,-84016.000,,,,,,,,,,,,
ShareBasedCompensationArrangementByShareBasedPaymentAwardNonOptionEquityInstrumentsForfeituresAndExpirations,,,,,,,,,,-54264.000,,,,,,,,,,,,
ShareBasedCompensationArrangementByShareBasedPaymentAwardNonOptionEquityInstrumentsGranted,,,,,,218000.000,,,,1219000.000,,,,,,,,,,,,
ShareBasedCompensationArrangementByShareBasedPaymentAwardOptionsExercisesInPeriodTotalIntrinsicValue,,,,,,,,,,,,,,,,,,,,,,0.000
ShareBasedCompensationArrangementByShareBasedPaymentAwardOptionsForfeituresAndExpirationsInPeriod,,,,,,,,,,,,,,,,,,,,,,195000.000
ShareBasedCompensationArrangementByShareBasedPaymentAwardOptionsForfeituresAndExpirationsInPeriodWeightedAverageExercisePrice,,,,,,,,,,,,,,,,,,,,,,0.100
ShareBasedCompensationArrangementByShareBasedPaymentAwardOptionsForfeituresInPeriod,,,,,,,,,,,,,,0.000,,,,,,,,
ShareBasedCompensationArrangementByShareBasedPaymentAwardOptionsGrantsInPeriodGross,,,,,,,,,,1219000.000,,,,1709000.000,,,,,,,,
ShareBasedCompensationArrangementByShareBasedPaymentAwardOptionsGrantsInPeriodWeightedAverageGrantDateFairValue,,,,,,0.250,,,,71083.000,,,,0.130,,,,,,,,0.340
ShareBasedCompensationArrangementsByShareBasedPaymentAwardOptionsExercisesInPeriodWeightedAverageExercisePrice,,,,,,,,,,0.540,,,,,,,,,,,,
ShareBasedCompensationArrangementsByShareBasedPaymentAwardOptionsForfeituresInPeriodWeightedAverageExercisePrice,,,,,,,,,,0.570,,,,,,,,,,,,
ShareBasedCompensationArrangementsByShareBasedPaymentAwardOptionsGrantsInPeriodWeightedAverageExercisePrice,,,,,,0.740,,,,1.150,,,,,,,,,,,,
SharebasedCompensationArrangementBySharebasedPaymentAwardOptionsNonvestedOptionsForfeitedWeightedAverageGrantDateFairValue,,,,,,,,,,,,,,0.000,,,,,,,,
SharebasedCompensationArrangementBySharebasedPaymentAwardOptionsVestedNumberOfShares,,,,,,,,,,-1095415.000,,,,-1374583.000,,,,,,,,4000000.000
SharebasedCompensationArrangementBySharebasedPaymentAwardOptionsVestedWeightedAverageGrantDateFairValue,,,,,,,,,,,,,,0.150,,,,,,,,
StockIssuedDuringPeriodValueOther,,,,,,14000.000,,,,0.000,,,,,,,,,,,,
UnrealizedGainLossOnDerivativesAndCommodityContracts,,,,,,,,,,,,,,,,,,0.000,,,,40126.000
WeightedAverageNumberOfShareOutstandingBasicAndDiluted,,,16287381.000,17348206.000,,18880845.000,19328286.000,26025815.000,-38864320.000,37451156.000,38397142.000,38435195.000,-76091130.000,38564915.000,38645870.000,39120555.000,-77217422.000,39319507.000,43825002.000,45107792.000,-84717069.000,46702836.000
