,2011-07-30,2011-10-29,2012-04-28,2012-07-28,2012-10-27,2013-05-04,2013-08-03,2013-11-02,2014-02-01,2014-05-03,2014-08-02,2014-11-01,2015-01-31,2015-05-02,2015-08-01,2015-10-31,2016-01-30,2016-04-30,2016-07-30,2016-10-29,2017-01-28,2017-04-29
AmortizationOfFinancingCosts,,,,,,,,,,,,,,,,,,,,,,0.000
AmortizationOfIntangibleAssets,,,400000.000,400000.000,400000.000,300000.000,400000.000,300000.000,300000.000,200000.000,200000.000,200000.000,200000.000,,,,,,,,,
AntidilutiveSecuritiesExcludedFromComputationOfEarningsPerShareAmount,,,,,,,,,,,,,,900000.000,800000.000,800000.000,-100000.000,1200000.000,4400000.000,3600000.000,-5500000.000,4400000.000
AssetImpairmentCharges,,,,,,,,,,785000.000,2000000.000,2300000.000,5442000.000,0.000,0.000,0.000,2657000.000,,829000.000,0.000,,
CashAndCashEquivalentsPeriodIncreaseDecrease,,,28077000.000,,,-12083000.000,,,,-61676000.000,,,,-218461000.000,,,,-75870000.000,,,,-16381000.000
ComprehensiveIncomeNetOfTax,12618000.000,32672000.000,41995000.000,15910000.000,17373000.000,32507000.000,17055000.000,19293000.000,46976000.000,5465000.000,6969000.000,13985000.000,39577000.000,13783000.000,19851000.000,26173000.000,55098000.000,14413000.000,9595000.000,11250000.000,23021000.000,-4900000.000
CostOfMerchandiseSalesBuyingAndOccupancyCosts,,,,,,,,337727000.000,,323279000.000,345395000.000,340050000.000,495803000.000,335934000.000,358392000.000,355527000.000,504999000.000,335161000.000,353848000.000,354373000.000,485961000.000,340031000.000
DeferredIncomeTaxExpenseBenefit,,,-188000.000,,,0.000,,,,,,,,22000.000,,,,-235000.000,,,,1133000.000
DepreciationDepletionAndAmortization,,,17049000.000,,,17441000.000,,,,19494000.000,,,,18809000.000,,,,16783000.000,,,,22893000.000
EarlyRepaymentOfSeniorDebt,,,,,,,,,,,,,,198038000.000,,,,0.000,,,,
EarningsPerShareBasic,0.140,0.370,0.470,0.180,0.200,0.380,0.200,0.230,0.570,0.060,0.080,0.170,0.500,0.150,0.250,0.310,0.680,0.160,0.130,0.150,0.290,-0.060
EarningsPerShareDiluted,0.140,0.370,0.470,0.180,0.200,0.380,0.200,0.230,0.560,0.060,0.080,0.170,0.500,0.150,0.250,0.310,0.670,0.160,0.130,0.150,0.290,-0.060
EffectOfExchangeRateOnCashAndCashEquivalents,,,38000.000,,,126000.000,,,,124000.000,,,,536000.000,,,,1591000.000,,,,-458000.000
EffectiveIncomeTaxRateContinuingOperations,,,0.399,0.396,0.414,,0.397,0.392,,0.443,0.206,0.400,-0.661,0.406,0.385,0.392,-0.794,0.380,0.408,0.196,-0.618,0.570
EmployeeServiceShareBasedCompensationTaxBenefitFromCompensationExpense,,,1500000.000,,200000.000,1900000.000,300000.000,1200000.000,100000.000,3200000.000,200000.000,200000.000,300000.000,2700000.000,1100000.000,800000.000,100000.000,5500000.000,400000.000,100000.000,200000.000,1900000.000
ExcessTaxBenefitFromShareBasedCompensationFinancingActivities,,,273000.000,,,1000.000,,,,0.000,,,,116000.000,,,,0.000,,,,
ExcessTaxBenefitFromShareBasedCompensationOperatingActivities,,,273000.000,,,1000.000,,,,0.000,,,,116000.000,,,,0.000,,,,
GainLossOnDispositionOfAssets,,,-17000.000,,,-64000.000,,,,-65000.000,,,,-304000.000,,,,-290000.000,,,,-403000.000
GrossProfit,149832000.000,175968000.000,188767000.000,146521000.000,151538000.000,170777000.000,152547000.000,165265000.000,229118000.000,137373000.000,136025000.000,157558000.000,229998000.000,166444000.000,177190000.000,191089000.000,260554000.000,167748000.000,150919000.000,151717000.000,192820000.000,126998000.000
IncomeLossFromContinuingOperationsBeforeIncomeTaxesMinorityInterestAndIncomeLossFromEquityMethodInvestments,21240000.000,54695000.000,69983000.000,26203000.000,29736000.000,53660000.000,28063000.000,31701000.000,79742000.000,9119000.000,8645000.000,24322000.000,69470000.000,21984000.000,34215000.000,43256000.000,91229000.000,20780000.000,17144000.000,14444000.000,38249000.000,-10531000.000
IncomeTaxExpenseBenefit,8620000.000,22025000.000,27910000.000,10374000.000,12314000.000,21223000.000,11154000.000,12434000.000,31816000.000,4036000.000,1778000.000,9737000.000,27680000.000,8922000.000,13187000.000,16949000.000,35113000.000,7898000.000,7000000.000,2827000.000,15475000.000,-6000000.000
IncomeTaxExpenseBenefitContinuingOperationsAdjustmentOfDeferredTaxAssetLiability,,,,,,,,,,,,,,,,,,,,4200000.000,,
IncomeTaxReconciliationChangeInDeferredTaxAssetsValuationAllowance,,,,,,,,,,,,,,,,,,,,,,2300000.000
IncomeTaxReconciliationDispositionOfBusiness,,,,,,,,,,,,,,,,,,,,,,-7300000.000
IncomeTaxReconciliationNondeductibleExpenseRestructuringCharges,,,,,,,,,,,,,,,,,,,,,,-5000000.000
IncomeTaxReconciliationNondeductibleExpenseShareBasedCompensationCost,,,,,,,,,,,,,,,,,,,,,,2000000.000
IncomeTaxReconciliationTaxSettlementsDomestic,,,,,,,,,,,-1700000.000,,,,,,,,,,,
IncreaseDecreaseInDueToRelatedPartiesCurrent,,,-2392000.000,,,,,,,,,,,,,,,,,,,
IncreaseDecreaseInInventories,,,-12527000.000,,,11296000.000,,,,22453000.000,,,,24696000.000,,,,25600000.000,,,,46220000.000
IncreaseDecreaseInOtherOperatingCapitalNet,,,-3216000.000,,,-6194000.000,,,,1156000.000,,,,-2487000.000,,,,-3536000.000,,,,-676000.000
IncreaseDecreaseInReceivables,,,-1046000.000,,,-287000.000,,,,2923000.000,,,,-5066000.000,,,,-5633000.000,,,,442000.000
InterestAndDebtExpense,10510000.000,6328000.000,4783000.000,4773000.000,4782000.000,4805000.000,4776000.000,4876000.000,,,,,,,,,,,,,,
InterestExpense,,,,,,,,,,5897000.000,5941000.000,6042000.000,6016000.000,12313000.000,1231000.000,1207000.000,1131000.000,11731000.000,547000.000,567000.000,623000.000,797000.000
InvestmentIncomeInterest,2000.000,2000.000,1000.000,0.000,0.000,,,,,,,,,,,,,,,,,
NetCashProvidedByUsedInFinancingActivities,,,-466000.000,,,-717000.000,,,,-3676000.000,,,,-201217000.000,,,,-43553000.000,,,,-2251000.000
NetCashProvidedByUsedInFinancingActivitiesContinuingOperations,,,-466000.000,,,-717000.000,,,,-3676000.000,,,,-201217000.000,,,,-43553000.000,,,,-2251000.000
NetCashProvidedByUsedInInvestingActivities,,,-17117000.000,,,-16853000.000,,,,-26937000.000,,,,-23148000.000,,,,-18247000.000,,,,-14623000.000
NetCashProvidedByUsedInInvestingActivitiesContinuingOperations,,,-17117000.000,,,-16853000.000,,,,-26937000.000,,,,-23148000.000,,,,-18247000.000,,,,-14623000.000
NetCashProvidedByUsedInOperatingActivities,,,45622000.000,,,5361000.000,,,,-31187000.000,,,,5368000.000,,,,-15661000.000,,,,951000.000
NetCashProvidedByUsedInOperatingActivitiesContinuingOperations,,,45622000.000,,,5361000.000,,,,-31187000.000,,,,5368000.000,,,,-15661000.000,,,,951000.000
NetIncomeLoss,12620000.000,32670000.000,42073000.000,15829000.000,17422000.000,32437000.000,16909000.000,19267000.000,47926000.000,5083000.000,6867000.000,14585000.000,41790000.000,13062000.000,21028000.000,26307000.000,56116000.000,12882000.000,10144000.000,11617000.000,22774000.000,-4531000.000
OperatingExpenses,118084000.000,115095000.000,114210000.000,115325000.000,117136000.000,112083000.000,119132000.000,128535000.000,143698000.000,122382000.000,121417000.000,127034000.000,153524000.000,132496000.000,141325000.000,146556000.000,167662000.000,135927000.000,133032000.000,136616000.000,154028000.000,136744000.000
OperatingIncomeLoss,31748000.000,60873000.000,74557000.000,31196000.000,34402000.000,58694000.000,33415000.000,36730000.000,85420000.000,14991000.000,14608000.000,30524000.000,76474000.000,33948000.000,35865000.000,44533000.000,92892000.000,31821000.000,17887000.000,15101000.000,38792000.000,-9746000.000
OtherComprehensiveIncomeForeignCurrencyTransactionAndTranslationAdjustmentNetOfTaxPeriodIncreaseDecrease,-2000.000,2000.000,-78000.000,81000.000,-49000.000,,,,,,,,,,,,,,,,,
OtherComprehensiveIncomeLossForeignCurrencyTransactionAndTranslationAdjustmentNetOfTax,,,,,,70000.000,146000.000,26000.000,-950000.000,382000.000,102000.000,-600000.000,-2213000.000,721000.000,-1177000.000,-134000.000,-1018000.000,1531000.000,-549000.000,-367000.000,247000.000,-369000.000
OtherNonoperatingIncomeExpense,0.000,148000.000,208000.000,-220000.000,116000.000,-229000.000,-576000.000,-153000.000,-613000.000,25000.000,-22000.000,-160000.000,-988000.000,349000.000,-419000.000,-70000.000,-532000.000,690000.000,-196000.000,-90000.000,80000.000,12000.000
OtherOperatingIncomeExpenseNet,-402000.000,-34000.000,-15000.000,-18000.000,586000.000,540000.000,44000.000,-169000.000,414000.000,478000.000,506000.000,-508000.000,-792000.000,680000.000,-752000.000,29000.000,-249000.000,-165000.000,120000.000,17000.000,-34000.000,-401000.000
PaymentsForRepurchaseOfCommonStock,,,1349000.000,,,1785000.000,,,,3274000.000,,,,,,,,41527000.000,,,,0.000
PaymentsOfDistributionsToAffiliates,,,,,,,,,,0.000,,,,,,,,,,,,
PaymentsRelatedToTaxWithholdingForShareBasedCompensation,,,,,,,,,,,,,,2912000.000,,,,4340000.000,,,,1534000.000
PaymentsToAcquireIntangibleAssets,,,185000.000,,,0.000,,,,,,,,,,,,,,,,
PaymentsToAcquireProductiveAssets,,,16932000.000,,,16853000.000,,,,26937000.000,,,,23148000.000,,,,18247000.000,,,,14623000.000
ProceedsFromEquityMethodInvestmentDividendsOrDistributionsReturnOfCapital,,,,,,,,,,0.000,,,,,,,,,,,,
ProceedsFromIssuanceOfSharesUnderIncentiveAndShareBasedCompensationPlansIncludingStockOptions,,,623000.000,,,1082000.000,,,,0.000,,,,,,,,2703000.000,,,,0.000
ProceedsFromRelatedPartyDebt,,,,,,0.000,,,,0.000,,,,,,,,,,,,
ProfessionalFees,,,,,,,,,,,,,,,,,,,,,,800000.000
RepaymentsOfLongTermCapitalLeaseObligations,,,13000.000,,,15000.000,,,,402000.000,,,,383000.000,,,,389000.000,,,,414000.000
RepaymentsOfLongtermLoansFromVendors,,,,,,,,,,,,,,,,,,,,,,303000.000
RepaymentsOfRelatedPartyDebt,,,,,,0.000,,,,,,,,,,,,,,,,
RepaymentsOfSecuredDebt,,,0.000,,,,,,,,,,,,,,,,,,,
RestructuringCharges,,,,,,,,,,,,,,,,,,,,,,6271000.000
Revenues,446041000.000,486784000.000,495952000.000,454879000.000,468527000.000,508524000.000,486158000.000,502992000.000,721451000.000,460652000.000,481420000.000,497608000.000,725801000.000,502378000.000,535582000.000,546616000.000,765553000.000,502909000.000,504767000.000,506090000.000,678781000.000,467029000.000
SalesRevenueNet,446041000.000,486784000.000,495952000.000,454879000.000,468527000.000,508524000.000,486158000.000,502992000.000,721451000.000,460652000.000,481420000.000,497608000.000,725801000.000,502378000.000,535582000.000,546616000.000,765553000.000,502909000.000,504767000.000,506090000.000,678781000.000,467029000.000
SellingGeneralAndAdministrativeExpense,117682000.000,115061000.000,114195000.000,115307000.000,117722000.000,112623000.000,119176000.000,128366000.000,144112000.000,122860000.000,121923000.000,126526000.000,152732000.000,133176000.000,140573000.000,146585000.000,167413000.000,135762000.000,133152000.000,136633000.000,153994000.000,130072000.000
ShareBasedCompensation,,,3856000.000,5000000.000,3351000.000,5011000.000,5826000.000,5179000.000,5158000.000,6336000.000,3932000.000,4039000.000,5019000.000,3851000.000,7218000.000,4045000.000,3324000.000,4368000.000,3212000.000,3203000.000,2075000.000,4018000.000
ShareBasedCompensationArrangementByShareBasedPaymentAwardEquityInstrumentsOtherThanOptionsVestedInPeriodTotalFairValue,,,3000000.000,,,5800000.000,,,,9600000.000,,,,,,,,,,,,
ShareBasedCompensationArrangementByShareBasedPaymentAwardOptionsExercisesInPeriodTotalIntrinsicValue,,,267000.000,,,93000.000,,,,0.000,,,,0.000,,,,536000.000,,,,0.000
ShareBasedCompensationArrangementByShareBasedPaymentAwardOptionsForfeituresInPeriod,,,-29000.000,,,68000.000,,,,29000.000,,,,50000.000,,,,29000.000,,,,132000.000
ShareBasedCompensationArrangementByShareBasedPaymentAwardOptionsGrantsInPeriodGross,,,521000.000,,,612000.000,,,,378000.000,,,,240000.000,,,,229000.000,,,,493000.000
ShareBasedCompensationArrangementByShareBasedPaymentAwardOptionsGrantsInPeriodWeightedAverageGrantDateFairValue,,,13.470,,,9.270,,,,8.570,,,,7.760,,,,9.500,,,,4.390
ShareBasedCompensationArrangementsByShareBasedPaymentAwardOptionsExercisesInPeriodWeightedAverageExercisePrice,,,,,,16.980,,,,0.000,,,,0.000,,,,17.350,,,,0.000
ShareBasedCompensationArrangementsByShareBasedPaymentAwardOptionsForfeituresInPeriodWeightedAverageExercisePrice,,,,,,19.450,,,,20.500,,,,18.420,,,,20.130,,,,18.630
ShareBasedCompensationArrangementsByShareBasedPaymentAwardOptionsGrantsInPeriodWeightedAverageExercisePrice,,,,,,17.490,,,,15.860,,,,16.280,,,,21.140,,,,9.420
StockIssuedDuringPeriodSharesStockOptionsExercised,,,-35000.000,,,62000.000,,,,0.000,,,,0.000,,,,156000.000,,,,0.000
StockRepurchaseProgramAuthorizedAmount,,,100000000.000,,,,,,,,,,,,,,,,,,,
TaxAdjustmentsSettlementsAndUnusualProvisions,,,,,,,,,,,,,,,,,,,,-2900000.000,,
TreasuryStockAcquiredAverageCostPerShare,,,,,11.700,21.410,,,,,,,,,,,,,,,,
TreasuryStockSharesAcquired,,,,,1300000.000,200000.000,,1000000.000,,,,,,,,,,,,,,
TreasuryStockValueAcquiredCostMethod,,,,,15000000.000,3300000.000,,21200000.000,,,,,,,,,,,,,,
UnrecognizedTaxBenefitsReductionsResultingFromLapseOfApplicableStatuteOfLimitations,,,,,,,,,,,,,,,,,,,,7100000.000,,
WeightedAverageNumberDilutedSharesOutstandingAdjustment,,,-464000.000,-339000.000,-236000.000,395000.000,571000.000,674000.000,-1038000.000,419000.000,268000.000,416000.000,-693000.000,535000.000,524000.000,609000.000,-1057000.000,851000.000,147000.000,194000.000,-812000.000,0.000
WeightedAverageNumberOfDilutedSharesOutstanding,88860000.000,88903000.000,89310000.000,87979000.000,86216000.000,85490000.000,85572000.000,84603000.000,-170597000.000,84424000.000,84440000.000,84605000.000,-168915000.000,84978000.000,85201000.000,84849000.000,-170437000.000,79914000.000,78945000.000,78595000.000,-158405000.000,78446000.000
WeightedAverageNumberOfSharesOutstandingBasic,88583000.000,88643000.000,88846000.000,87640000.000,85980000.000,85095000.000,85001000.000,83929000.000,-169559000.000,84005000.000,84172000.000,84189000.000,-168222000.000,84443000.000,84677000.000,84240000.000,-169380000.000,79063000.000,78798000.000,78401000.000,-157593000.000,78446000.000
WriteOffOfDeferredDebtIssuanceCost,,,0.000,,,,,,,,,,,5255000.000,,,,0.000,,,,
