,2011-06-30,2011-09-30,2012-03-31,2012-06-30,2012-09-30,2012-12-31,2013-03-31,2013-06-30,2013-09-30,2013-12-31,2014-06-30,2014-09-30,2015-03-31,2015-06-30,2015-09-30,2015-12-31,2016-03-31,2016-06-30,2016-09-30,2016-12-31,2017-03-31
AccretionExpense,,,,,,,,,,,,,22160.000,,,,,,,,
AdjustmentForAmortization,,,,,,,,,,,,,,,,,,,,,23796.000
AmortizationOfDebtDiscountPremium,,,,,,,,,,,,,,14621.000,14498.000,,,,,,
AmortizationOfFinancingCosts,,,,,,,,,,,12400.000,14719.000,18914.000,16438.000,32315.000,16176.000,19397.000,6596.000,1017.000,,
AmortizationOfFinancingCostsAndDiscounts,,,,,,,,,18834.000,,131302.000,137252.000,51796.000,63157.000,-333.000,87627.000,26931.000,109076.000,170161.000,42007.000,23796.000
AmortizationOfIntangibleAssets,,,,,,,,,,,,,21700.000,,,,21700.000,,,,21700.000
AntidilutiveSecuritiesExcludedFromComputationOfEarningsPerShareAmount,,,,,,,36742815.000,,,,,,44300000.000,,,,44900000.000,,,,91500000.000
BusinessCombinationContingentConsiderationArrangementsChangeInAmountOfContingentConsiderationLiability1,,,,,,,,,,,,,,-223173.000,,,,,,,
CashAndCashEquivalentsPeriodIncreaseDecrease,,,-449.000,,,,,,,,,,,,,,,,,,
CashPeriodIncreaseDecrease,,,,,,,38878.000,,,,,,-28187.000,,,,-60687.000,,,,5190.000
CashProvidedByUsedInOperatingActivitiesDiscontinuedOperations,,,,,,,7653.000,,,,,,,,,,,,,,
CostOfRevenue,56926.000,78993.000,72494.000,63394.000,64295.000,,,,,,33971.000,50874.000,80548.000,134721.000,187699.000,137031.000,143616.000,178874.000,205404.000,185976.000,168891.000
DebtConversionOriginalDebtAmount1,,,16949.000,,,,13983.000,,,,,,,,,,,,,,
DebtInstrumentConvertibleBeneficialConversionFeature,,,,,,,,,,,,,2091.000,,,,,,,,16940.000
Depreciation,,,,,,,,,,,,,30442.000,,,,,,,,
DepreciationDepletionAndAmortization,,,4469.000,,,,,,,,,,30442.000,27950.000,31666.000,33381.000,35250.000,,,,41101.000
DiscontinuedOperationGainLossOnDisposalOfDiscontinuedOperationNetOfTax,,,,,,,3839.000,,,,,,,,,,,,,,
DiscontinuedOperationIncomeLossFromDiscontinuedOperationDuringPhaseOutPeriodNetOfTax,,,,,,,19174.000,,,,,,,,,,,,,,
DiscontinuedOperationProvisionForLossGainOnDisposalNetOfTax,,,,,,,-3839.000,,,,,,,,,,,,,,
DisposalGroupIncludingDiscontinuedOperationCostsOfGoodsSold,,,,,,,40535.000,,,,,,,,,,,,,,
DisposalGroupIncludingDiscontinuedOperationGrossProfitLoss,,,,,,,54706.000,,,,,,,,,,,,,,
DisposalGroupIncludingDiscontinuedOperationOperatingExpense,,,,,,,35532.000,,,,,,,,,,,,,,
DisposalGroupIncludingDiscontinuedOperationRevenue,,,,,,,95241.000,,,,,,,,,,,,,,
EarningsPerShareBasicAndDiluted,-0.000,-0.010,0.000,-0.010,-0.000,-0.010,-0.000,-0.000,0.000,-0.010,-0.070,-0.030,-0.050,-0.020,-0.040,-0.040,-0.030,-0.030,-0.040,-0.030,-0.030
FairValueAdjustmentOfWarrants,,,,,,,,,,,,,,,,,,,,,-11369.000
ForeignCurrencyTransactionGainLossUnrealized,,,,,,,,,,,,12500.000,16779.000,-820.000,8602.000,4597.000,-8415.000,-612.000,1776.000,2721.000,-1807.000
GainLossOnDerivativeInstrumentsNetPretax,,,,,,,,,,,,,,,,,,,,,11369.000
GainsLossesOnExtinguishmentOfDebt,,,,,,,,,,,111716.000,-7632.000,,,,,,,,,
GeneralAndAdministrativeExpense,129637.000,179143.000,99829.000,89517.000,96403.000,-44469.000,75876.000,103115.000,72855.000,,128663.000,273902.000,324970.000,284016.000,441515.000,349051.000,273577.000,361967.000,499459.000,392220.000,309016.000
GrossProfit,79772.000,59837.000,63289.000,60461.000,56231.000,,,,,,28037.000,35656.000,44201.000,89742.000,87567.000,129718.000,149926.000,202607.000,209438.000,152204.000,161135.000
IncomeLossFromContinuingOperationsBeforeIncomeTaxesExtraordinaryItemsNoncontrollingInterest,,,,,,,-86438.000,-112746.000,-100787.000,-108123.000,,-310859.000,,,-619039.000,,,,,,
IncomeLossFromContinuingOperationsIncludingPortionAttributableToNoncontrollingInterest,,,,,,,-86438.000,-112746.000,-100787.000,-110323.000,-575114.000,-286121.000,,,,,,,,,
IncomeLossFromContinuingOperationsPerBasicAndDilutedShare,,,,,,,-0.000,-0.000,-0.000,-0.010,-0.070,-0.030,,,,,,,,,
IncomeLossFromDiscontinuedOperationsNetOfTax,,,,,,,23013.000,,,,,,,,,,,,,,
IncomeLossFromDiscontinuedOperationsNetOfTaxPerBasicAndDilutedShare,,,,,,,0.000,0.000,0.000,0.000,,,,,,,,,,,
IncomeTaxExpenseBenefit,,,,,,,,,,,,-24738.000,,,,,,,,,
IncomeTaxesPaid,,,3800.000,,,,600.000,,,,,,,,,,,,,,
IncreaseDecreaseInAccountsPayableAndAccruedLiabilities,,,8625.000,,,,38121.000,,,,,,108166.000,,,,187480.000,,,,214256.000
IncreaseDecreaseInAccountsReceivable,,,3769.000,,,,,,,,,,4600.000,,,,9697.000,,,,2125.000
IncreaseDecreaseInAccruedSalaries,,,,,,,,,,,,,54902.000,,,,70074.000,,,,74613.000
IncreaseDecreaseInInventories,,,1422.000,,,,,,,,,,14423.000,,,,12021.000,,,,19442.000
IncreaseDecreaseInPrepaidDeferredExpenseAndOtherAssets,,,2178.000,,,,407.000,,,,,,-59035.000,,,,-21747.000,,,,11226.000
IncrementalCommonSharesAttributableToConversionOfDebtSecurities,,,,,,,6614491.000,,,,,,,,,,,,,,
InterestExpense,,4112.000,6988.000,7998.000,11960.000,10494.000,10562.000,9631.000,9098.000,6591.000,34149.000,45638.000,46339.000,76467.000,57503.000,59261.000,56665.000,60981.000,73589.000,76307.000,80741.000
InterestExpenseRelatedParty,3613.000,,,,,,,,,,,,,,,,,,,,
InterestPaid,,,,,,,,,,,,,11841.000,,,,15000.000,,,,24000.000
LaborAndRelatedExpense,81272.000,133055.000,33625.000,33611.000,32220.000,-25740.000,,,,,,,,,,,,,,,
NetCashProvidedByUsedInFinancingActivities,,,37734.000,,,,,,,,,,129180.000,,,,61983.000,,,,230067.000
NetCashProvidedByUsedInFinancingActivitiesContinuingOperations,,,37734.000,,,,,,,,,,129180.000,,,,61983.000,,,,230067.000
NetCashProvidedByUsedInInvestingActivities,,,,,,,74000.000,,,,,,-8904.000,,,,-38021.000,,,,-22011.000
NetCashProvidedByUsedInInvestingActivitiesContinuingOperations,,,,,,,74000.000,,,,,,-8904.000,,,,-38021.000,,,,-22011.000
NetCashProvidedByUsedInOperatingActivities,,,-38183.000,,,,-35122.000,,,,,,-148463.000,,,,-84649.000,,,,-202866.000
NetCashProvidedByUsedInOperatingActivitiesContinuingOperations,,,-38183.000,,,,-42775.000,,,,,,-148463.000,,,,-84649.000,,,,-202866.000
NetIncomeLoss,-78949.000,-178732.000,-69541.000,-160951.000,-74622.000,-121884.000,-63425.000,-112746.000,-100787.000,-110323.000,-575114.000,-286121.000,-490832.000,-321893.000,-619039.000,-618810.000,-488481.000,-569869.000,-953514.000,-595597.000,-630961.000
NonoperatingIncomeExpense,,,-10934.000,-109061.000,-11960.000,-10494.000,,,,,,,-56364.000,-129735.000,-16526.000,,,,,,-94975.000
OperatingExpenses,,,,,,,,,,,233055.000,388381.000,478669.000,281900.000,690080.000,624305.000,575601.000,680787.000,932464.000,783821.000,697121.000
OperatingIncomeLoss,-75336.000,-144572.000,-58607.000,-51890.000,-62662.000,-69347.000,-75876.000,-103115.000,-72855.000,-88039.000,-205018.000,-352725.000,-434468.000,-192158.000,-602513.000,-494587.000,-425675.000,-478180.000,-723026.000,-631617.000,-535986.000
OtherExpenses,,,,,,,10562.000,9631.000,27932.000,20084.000,370096.000,-41866.000,,,,,62806.000,91689.000,230488.000,-35112.000,
OtherGeneralAndAdministrativeExpense,36584.000,37322.000,46860.000,35250.000,53854.000,-15619.000,,,,,,,,,,,,,,,
PaymentOfFinancingAndStockIssuanceCosts,,,,,,,,,,,,,,,,,100000.000,,,,
PaymentsOfFinancingCosts,,,,,,,,,,,13100.000,,,,,,107000.000,,,,
PaymentsToAcquirePropertyPlantAndEquipment,,,,,,,,,,,,,8904.000,,,,38021.000,,,,22011.000
ProceedsFromConvertibleDebt,,,,,,,,,,,,,25000.000,,,,,,,,220000.000
ProceedsFromDivestitureOfInterestInConsolidatedSubsidiaries,,,,,,,74000.000,,,,,,,,,,,,,,
ProceedsFromIssuanceOfCommonStock,,,5000.000,,,,,,,,,,40000.000,,,,,,,,20000.000
ProceedsFromIssuanceOfSeniorLongTermDebt,,,,,,,,,,,,,64180.000,,,,,,,,
ProceedsFromNotesPayable,,,,,,,,,,,,,,,,,178800.000,,,,37300.000
ProceedsFromRepaymentsOfRelatedPartyDebt,,,32734.000,,,,,,,,,,,,,,,,,,
ProceedsFromWarrantExercises,,,,,,,,,,,,48000.000,,,,,,,,,
ProfessionalFees,11781.000,8766.000,19344.000,20656.000,10329.000,-3110.000,,,,,,,,,,,,,,,
RepaymentsOfConvertibleDebt,,,,,,,,,,,,,,,,,,,,,30000.000
RepaymentsOfNotesPayable,,,,,,,,,,,,,,,,,16817.000,,,,17233.000
Revenues,136698.000,138830.000,135783.000,123855.000,120526.000,,,,,,62008.000,86530.000,124749.000,224463.000,275266.000,266749.000,293542.000,381481.000,414842.000,338180.000,330026.000
SalesRevenueNet,136698.000,138830.000,135783.000,123855.000,120526.000,,,,,,62008.000,86530.000,124749.000,224463.000,275266.000,266749.000,293542.000,381481.000,414842.000,338180.000,330026.000
SellingAndMarketingExpense,25471.000,25266.000,22067.000,22834.000,22490.000,-66165.000,,,,,,,,,,,,,,,
SellingExpense,,,,,,,,,,,104392.000,114479.000,153699.000,221057.000,248565.000,253094.000,302024.000,318820.000,433005.000,391601.000,388105.000
SellingGeneralAndAdministrativeExpense,155108.000,204409.000,121896.000,112351.000,118893.000,-110634.000,,,,,,,,,,,,,,,
ShareBasedCompensation,,,6949.000,,,,5949.000,,,,,,10133.000,,112431.000,,42646.000,,,,40002.000
ShareBasedCompensationArrangementByShareBasedPaymentAwardOptionsGrantsInPeriod,,,,,,,,,,,,350000.000,,,,,20000.000,,,,
SharebasedCompensationArrangementBySharebasedPaymentAwardOptionsVestedNumberOfShares,,,,,,,,,,,,250000.000,,,,,,,,,
StockIssued1,,,,,,,,,,,,,68177.000,,,,,,,,
StockIssuedDuringPeriodValueConversionOfConvertibleSecuritiesNetOfAdjustments,,,,,,,,,,,,,5000.000,,,,,,,,
StockIssuedDuringPeriodValueIssuedForServices,,,,,,,,,,,,,11350.000,,,,,,,,
StockIssuedDuringPeriodValueShareBasedCompensation,,,,,,,,,,,,,10133.000,,,,,,,,
StockholdersEquityNoteStockSplitConversionRatio1,,,,,,,,,,,,,0.005,,,,,,,,
UnrealizedGainLossOnDerivatives,,,,,,,,,,,,,-19592.000,,,,,,,,
WeightedAverageNumberDilutedSharesOutstandingAdjustment,,,,,,,31416148.000,,,,,,,,,,,,,,
WeightedAverageNumberOfShareOutstandingBasicAndDiluted,,,23938797.000,24306722.000,24402620.000,-48334181.000,25535056.000,33870679.000,59091710.000,-47123561.000,7989722.000,9167005.000,10684843.000,13790225.000,15213660.000,-25589676.000,18198267.000,18198816.000,22075706.000,-38058038.000,25047014.000
