,2011-06-30,2011-09-30,2012-03-31,2012-06-30,2012-09-30,2012-12-31,2013-03-31,2013-06-30,2013-09-30,2013-12-31,2014-03-31,2014-06-30,2014-09-30,2014-12-31,2015-03-31,2015-06-30,2015-09-30,2015-12-31,2016-03-31,2016-06-30,2016-09-30,2016-12-31,2017-03-31
AcquisitionCosts,,,,,,,4495.000,,,,,,,,,,,,,,,,
CapitalLeasesIncomeStatementDirectFinancingLeaseRevenue,,9984.000,59746.000,70492.000,226321.000,259296.000,253461.000,287529.000,261813.000,241921.000,236915.000,418515.000,410202.000,393237.000,378424.000,363097.000,258001.000,68501.000,3882.000,2445.000,1422.000,357.000,
CashAndCashEquivalentsPeriodIncreaseDecrease,,,1170665.000,,,,1759806.000,,,,1324625.000,,,,377386.000,,,,-2322500.000,,,,-390405.000
CostOfServicesDepreciation,,,63380.000,99228.000,114220.000,118760.000,84102.000,,,,,,,,,,,,,,,,
CostsAndExpenses,177355.000,420591.000,76547.000,625153.000,-5604.000,355153.000,1007624.000,422889.000,-551226.000,326439.000,462321.000,245901.000,1785860.000,1367661.000,1535076.000,649817.000,580304.000,-379417.000,493070.000,798131.000,999257.000,1346203.000,1199861.000
CostsAndExpensesRelatedParty,120000.000,180000.000,180000.000,,,,,,,,,,,,,,,,,,,,
Depreciation,,,,37269.000,,,,,,,,,,,,,175724.000,,196330.000,8000.000,98642.000,-142972.000,77000.000
DepreciationAndAmortization,,15494.000,,,,,,,,,140664.000,,,,196250.000,,,,199050.000,,,,101315.000
DepreciationDepletionAndAmortization,,,,,,,,96168.000,169519.000,,140665.000,117644.000,127354.000,130779.000,196250.000,184487.000,178651.000,273239.000,199051.000,199002.000,101317.000,101316.000,101315.000
EquipmentExpense,,,,,,,,,,,,,,,,,,,,264537.000,584598.000,,713323.000
ForeignCurrencyTransactionGainLossBeforeTax,,,256348.000,-312811.000,378650.000,-9836.000,-640589.000,-128096.000,1035957.000,413467.000,208198.000,568724.000,-1125846.000,-870530.000,-928347.000,1149274.000,-365580.000,-196024.000,-107484.000,-167212.000,-205687.000,-201932.000,181901.000
ForeignCurrencyTransactionGainLossUnrealized,,,254508.000,,,,-615526.000,,,,205026.000,,,,-919394.000,,,,-103833.000,,,,181865.000
ForeignCurrencyTransactionLossBeforeTax,,186806.000,,,,,,,,,,,,,,,,,,,,,
GainLossOnDispositionOfAssets,,,,,,,,,,,,,,,,,,,-211102.000,,,,
GainLossOnDispositionOfAssets1,,,,,,,,-13058.000,89436.000,,-14005.000,,360710.000,,38427.000,16554.000,809707.000,-3926.000,-211102.000,373991.000,-1738.000,-30.000,
GainLossOnInvestments,,,,,,,,,,,256389.000,250897.000,,,,,225360.000,,225360.000,225361.000,227082.000,225361.000,225360.000
GainLossOnSaleOfLeasedAssetsNetOperatingLeases,,,,,,,,,,,,,,,,,,,202164.000,,,,
GeneralAndAdministrativeExpense,11800.000,1800.000,,,,,,,,,,,,,,,,,,,,,
GrossProfit,,,,,,,,,,,,,,,,,,,,,1022120.000,,
IncomeLossFromEquityMethodInvestments,,,,,,,,,,,,,,,51973.000,,225360.000,,225360.000,225361.000,227082.000,225361.000,225360.000
IncreaseDecreaseInAccountsPayableAndAccruedLiabilities,,,1380.000,,,,43064.000,,,,-18362.000,,,,11516.000,,,,-27317.000,,,,85426.000
IncreaseDecreaseInAccountsReceivable,,,1660.000,,,,,,,,,,,,346499.000,,,,301630.000,,,,2760.000
IncreaseDecreaseInAccruedInterestReceivableNet,,,49828.000,,,,102120.000,,,,556139.000,,,,-9326.000,,,,-210.000,,,,65224.000
IncreaseDecreaseInDeferredRevenue,,,,,,,,,,,-129832.000,,,,-11860.000,,,,-11860.000,,,,-11860.000
IncreaseDecreaseInDeferredRevenueAndCustomerAdvancesAndDeposits,,,,,,,,,,,506.000,,,,-118313.000,,,,11848.000,,,,-47581.000
IncreaseDecreaseInDueToRelatedParties,,,-1000.000,,,,,,,,,,,,,,,,,,,,
IncreaseDecreaseInInterestPayableNet,,,,,,,,,,,,,,,-11573.000,,,,23216.000,,,,171413.000
IncreaseDecreaseInOtherOperatingAssets,,,-10087.000,,,,,,,,-971055.000,,,,51672.000,,,,-71599.000,,,,180019.000
InterestAndFeeIncomeOtherLoansHeldForSale,,,,55182.000,68306.000,,,,,,,,,,,,,,,,,,
InterestExpense,,,,,,,,16175.000,113248.000,,304450.000,311341.000,296210.000,238019.000,231602.000,218420.000,199011.000,88244.000,84649.000,74380.000,135611.000,91193.000,171413.000
InterestIncomeExpenseNet,,,,,,,,,,,,,,,,,,,,,8754.000,,12505.000
InterestIncomeOperating,,,,,,,,,,,,,,,,,809707.000,,97302.000,95073.000,67271.000,67187.000,65225.000
InterestPaid,,,,,,,,,,,,,,,243175.000,,,,,,,,
InvestmentIncomeInterest,934.000,944.000,51774.000,62013.000,76808.000,91988.000,115901.000,235811.000,306667.000,331702.000,392777.000,305129.000,220343.000,242141.000,179421.000,167866.000,154439.000,307049.000,97307.000,95073.000,67271.000,67182.000,65225.000
InvestmentIncomeInterestAndDividend,,,,,,,,,,,-1192328.000,,,,-113155.000,,,,,,,,
InvestmentIncomeInvestmentExpense,,,,,,,,,,,,,,,,,,,,,571208.000,,708510.000
InvestmentIncomeNet,,,,,,,,,,,31029.000,,,,,,,,,,,,
ManagementFeeAmountPaid,,,,180000.000,180000.000,,180000.000,,,,,,,,,,,,,,,,
ManagementFeeExpense,,,,,,,,141677.000,141677.000,,141677.000,141677.000,141677.000,145277.000,141677.000,141677.000,141677.000,141677.000,141677.000,141677.000,141677.000,141677.000,141677.000
NetCashProvidedByUsedInFinancingActivities,,,4711802.000,,,,5397880.000,,,,445104.000,,,,-423901.000,,,,-2601284.000,,,,-482133.000
NetCashProvidedByUsedInFinancingActivitiesContinuingOperations,,,4711802.000,,,,5397880.000,,,,445104.000,,,,-423901.000,,,,-2601284.000,,,,-482133.000
NetCashProvidedByUsedInInvestingActivities,,,-3574234.000,,,,-4267562.000,,,,-1641889.000,,,,5680.000,,,,159231.000,,,,93221.000
NetCashProvidedByUsedInInvestingActivitiesContinuingOperations,,,-3574234.000,,,,-4267562.000,,,,-1641889.000,,,,5680.000,,,,159231.000,,,,93221.000
NetCashProvidedByUsedInOperatingActivities,,,33097.000,,,,629488.000,,,,2521410.000,,,,795607.000,,,,119553.000,,,,-1493.000
NetCashProvidedByUsedInOperatingActivitiesContinuingOperations,,,33097.000,,,,629488.000,,,,2521410.000,,,,795607.000,,,,119553.000,,,,-1493.000
NetIncomeLoss,-176421.000,-373030.000,124119.000,-342613.000,370504.000,57772.000,-576621.000,170271.000,1387091.000,761949.000,612177.000,899296.000,-278293.000,-311913.000,81900.000,1453009.000,809199.000,-1179564.000,-196130.000,46486.000,-181485.000,-1582893.000,130143.000
NetIncomeLossAllocatedToGeneralPartners,-1764.000,-3730.000,1241.000,-3426.000,3705.000,578.000,-5766.000,1703.000,13871.000,7619.000,6121.000,8993.000,-2782.000,-3119.000,819.000,14530.000,8092.000,-11796.000,-1961.000,465.000,-1815.000,-15829.000,1301.000
NetIncomeLossAllocatedToLimitedPartners,-174657.000,-369300.000,122878.000,-339187.000,366799.000,57194.000,-570855.000,168568.000,1373220.000,754330.000,606056.000,890303.000,-275511.000,-308794.000,81081.000,1438479.000,801107.000,-1167768.000,-194169.000,46021.000,-179670.000,-1567064.000,128842.000
NetIncomeLossAttributableToNoncontrollingInterest,,,,,,,,,,,,,,,,,,,,-26454.000,-1339.000,,-481.000
NetIncomeLossPerOutstandingLimitedPartnershipAndGeneralPartnershipUnitBasicAndDiluted,,,,,,,,,,,,,,,,,,,-7.000,1.660,-6.480,-56.540,4.650
NetIncomeLossPerOutstandingLimitedPartnershipUnit,-92.600,-77.460,12.730,,,,,,,,,,,,,,,,,,,,
NetIncomeLossPerOutstandingLimitedPartnershipUnitBasicNetOfTax,,,,,,,,6.060,49.470,,21.860,32.120,-9.940,-11.140,2.920,51.890,28.900,-42.120,,,,,
OperatingLeasesIncomeStatementDepreciationExpenseOnPropertySubjectToOrHeldForLease,,,,,,,,,,,128350.000,108679.000,115116.000,127452.000,193155.000,181534.000,,,,,,,
OperatingLeasesIncomeStatementLeaseRevenue,,36633.000,89146.000,150035.000,61771.000,61641.000,61641.000,82878.000,177949.000,407363.000,202422.000,170656.000,175890.000,185675.000,733469.000,318923.000,307391.000,301876.000,288977.000,288505.000,156875.000,148329.000,148527.000
OtherExpenses,1295.000,205.000,1322.000,5061.000,2018.000,6351.000,1455.000,3589.000,8852.000,8142.000,3997.000,27182.000,5059.000,2130.000,2809.000,3847.000,7841.000,1220.000,19973.000,13538.000,8462.000,1935.000,17215.000
OtherIncome,,,,,,,,,,,,,,,9902.000,,185.000,,,,,,
PartnersCapitalAccountContributions,,,4840000.000,,,,5506000.000,,,,,,,,,,,,,,,,
PartnersCapitalAccountUnitsSaleOfUnits,,,,,,,27861.100,,,,,,,,,,,,,,,,
PaymentsForLeasingCostsCommissionsAndTenantImprovements,,,45642.000,,,,,,,,,,,,,,,,,,,,
PaymentsForProceedsFromInvestments,,,,,,,,,,,-129133.000,,,,,,,,,,,,
PaymentsForPurchaseOfOtherAssets,,,,,,,2119750.000,,,,,,,,,,,,,,,,
PaymentsOfCapitalDistribution,,,,,,,,,,,,,,,,,,,2633505.000,,,,484244.000
PaymentsOfLoanCosts,,,,,,,,,,,17002.000,,,,,,,,,,,,
PaymentsToAcquireEquipmentOnLease,,,852824.000,,,,,,,,,,,,,,,,,,,,
PaymentsToAcquireInterestInSubsidiariesAndAffiliates,,,,,,,,,,,120000.000,,,,,,,,,,,,-93221.000
PaymentsToAcquireLeaseReceivables,,,,,,,,,,,809845.000,,,,,,,,,,,,
PaymentsToAcquireNotesReceivable,,,395750.000,,,,156180.000,,,,1136722.000,,,,,,,,,,,,
PaymentsToAcquireOtherInvestments,,,1367173.000,,,,,,,,,,,,,,,,,,,,
PaymentsToAcquireOtherProductiveAssets,,,912845.000,,,,491632.000,,,,,,,,,,,,,,,,
PaymentsToAcquireOtherReceivables,,,,,,,1500000.000,,,,1175000.000,,,,,,,,,,,,
PaymentsToAcquireProductiveAssets,,,,858979.000,2633410.000,,,,,,,,,,,,,,,,,,
ProceedsFromCollectionOfLeaseReceivables,,,,61641.000,,,,,,,,,,,,,,,,,,,
ProceedsFromCollectionOfLoansReceivable,,,,,,,,,,,26402.000,,,,29167.000,,,,32221.000,,,,2111.000
ProceedsFromCollectionOfNotesReceivable,,,,,,,,,,,21428.000,,,,4285.000,,,,8571.000,,,,
ProceedsFromIssuanceOfCommonLimitedPartnersUnits,,,4840000.000,,,,5506000.000,,,,,,,,,,,,,,,,
ProceedsFromIssuanceOfLongTermDebt,,,,,,,,,,,705000.000,,,,,,,,,,,,
ProceedsFromRentsReceived,,,200873.000,,,,818998.000,,,,747143.000,,,,472807.000,,,,39514.000,,,,
ProceedsFromSaleOfLeaseReceivables,,,,,,,,,,,,,,,,,,,,,,,230000.000
ProceedsFromSaleOfProductiveAssets,,,,,,,,,,,303281.000,,,,1395.000,,,,150660.000,,,,
ProfessionalFees,44260.000,32041.000,75098.000,14853.000,62916.000,24108.000,84593.000,19317.000,44867.000,78395.000,74611.000,208354.000,57582.000,-23998.000,28783.000,97465.000,42110.000,33712.000,41285.000,82174.000,20415.000,45133.000,49729.000
ProfitLoss,,,,,,,,,,,,,,,,,,,,20032.000,-182824.000,,129662.000
RentalIncomeNonoperating,,,,,,,,,,,,,,,,,307391.000,,288977.000,288505.000,156875.000,148329.000,148527.000
RepaymentsOfLongTermDebt,,,,,,,,,,,286298.000,,,,453068.000,,,,,,,,
Revenues,934.000,47561.000,200666.000,282540.000,364900.000,412925.000,431003.000,593160.000,835865.000,1088388.000,1074498.000,1145197.000,1507567.000,1055748.000,1616976.000,953552.000,1755083.000,934157.000,404424.000,985375.000,1022120.000,1277841.000,1147622.000
SalesRevenueNet,934.000,47561.000,200666.000,282540.000,364900.000,412925.000,431003.000,593160.000,835865.000,1088388.000,1074498.000,1145197.000,1507567.000,1055748.000,1607074.000,953552.000,1754898.000,934157.000,404424.000,985375.000,1022120.000,1277841.000,1147622.000
WeightedAverageLimitedPartnershipUnitsOutstanding,1886.000,4768.000,9650.850,14947.200,17692.310,-26645.550,24333.110,27802.860,27761.100,-52979.910,27721.100,27721.100,27721.100,-55442.200,27721.100,27721.100,27721.100,-55442.200,27721.100,27721.100,27721.100,-55442.200,27721.100
