,2011-06-30,2011-09-30,2012-03-31,2012-06-30,2012-09-30,2012-12-31,2013-03-31,2013-06-30,2013-09-30,2013-12-31,2014-03-31,2014-06-30,2014-09-30,2014-12-31,2015-03-31,2015-06-30,2015-09-30,2015-12-31,2016-03-31,2016-06-30,2016-09-30,2016-12-31,2017-03-31
AssetRetirementObligationAccretionExpense,4459.000,6017.000,,,,,7656.000,,,,7783.000,,,,8142.000,,,,8489.000,,,,8889.000
AssetRetirementObligationLiabilitiesIncurred,,,4002.000,,,,,,,,149.000,,,,3724.000,,,,,,,,809.000
AssetRetirementObligationLiabilitiesSettled,,,,,,,5051.000,,,,,,,,13853.000,,,,,,,,
CashAndCashEquivalentsPeriodIncreaseDecrease,,,180654.000,,,,114804.000,,,,,,,,,,,,,,,,
CashPeriodIncreaseDecrease,,,,,,,,,,,99199.000,,,,2574.000,,,,-20646.000,,,,5575.000
CostsAndExpenses,,,3434261.000,4279546.000,6351979.000,6375398.000,2399169.000,3238855.000,1288937.000,4525255.000,1068953.000,1110722.000,918269.000,4129403.000,4959650.000,5668791.000,4932835.000,4223748.000,1809156.000,795521.000,411326.000,390555.000,412485.000
DepreciationDepletionAndAmortization,2612908.000,4115813.000,2201907.000,1783323.000,1488655.000,1059974.000,913975.000,975281.000,741117.000,739855.000,570796.000,614339.000,490445.000,561191.000,419021.000,379444.000,328374.000,237490.000,156483.000,133211.000,110021.000,108132.000,90999.000
GeneralAndAdministrativeExpense,196294.000,382768.000,377886.000,269961.000,44689.000,-128744.000,137897.000,128441.000,95180.000,90373.000,96605.000,126845.000,96990.000,79926.000,59565.000,64742.000,39449.000,35624.000,35445.000,54779.000,30937.000,38244.000,40263.000
IncreaseDecreaseInDueFromAffiliatesCurrent,,,-2310861.000,,,,-356649.000,,,,7097.000,,,,-326355.000,,,,-69237.000,,,,50039.000
IncreaseDecreaseInDueToAffiliatesCurrent,,,316843.000,,,,211819.000,,,,126210.000,,,,4146.000,,,,50152.000,,,,26011.000
IncreaseDecreaseInPrepaidTaxes,,,,,,,2500.000,,,,2500.000,,,,15086.000,,,,12108.000,,,,1705.000
InterestIncomeOperating,,,,,,,,,,,,1038.000,,,,,,,,,,,
InvestmentIncomeInterest,5554.000,1811.000,216.000,142.000,7.000,0.000,,1131.000,,,,,,,,,,,,,,,
LeaseOperatingExpense,285987.000,450848.000,460184.000,332830.000,350579.000,599115.000,353373.000,296569.000,363853.000,431546.000,287483.000,261317.000,250581.000,318595.000,311152.000,231775.000,242300.000,220494.000,321766.000,209326.000,231260.000,197353.000,228786.000
NaturalGasProductionRevenue,2831675.000,4488510.000,2081125.000,1280957.000,1163831.000,1095525.000,1225077.000,1043174.000,962220.000,880901.000,1077600.000,941297.000,688110.000,557216.000,329902.000,289890.000,261919.000,242481.000,177083.000,234952.000,258871.000,305558.000,301884.000
NetCashProvidedByUsedInFinancingActivities,,,-7750001.000,,,,-2741775.000,,,,-1950251.000,,,,-698055.000,,,,-168152.000,,,,-358112.000
NetCashProvidedByUsedInFinancingActivitiesContinuingOperations,,,-7750001.000,,,,-2741775.000,,,,-1950251.000,,,,-698055.000,,,,-168152.000,,,,-358112.000
NetCashProvidedByUsedInInvestingActivities,,,-576923.000,,,,-165092.000,,,,-19271.000,,,,19792.000,,,,-6429.000,,,,-1751.000
NetCashProvidedByUsedInInvestingActivitiesContinuingOperations,,,-576923.000,,,,-165092.000,,,,-19271.000,,,,19792.000,,,,-6429.000,,,,-1751.000
NetCashProvidedByUsedInOperatingActivities,,,8507578.000,,,,3021671.000,,,,2068721.000,,,,680837.000,,,,153935.000,,,,365438.000
NetCashProvidedByUsedInOperatingActivitiesContinuingOperations,,,8507578.000,,,,3021671.000,,,,2068721.000,,,,680837.000,,,,153935.000,,,,365438.000
NetIncomeLoss,6297315.000,7552446.000,3670606.000,389513.000,-2473660.000,-3323382.000,570717.000,86153.000,1389156.000,-2203848.000,1373529.000,1324516.000,786152.000,-2770141.000,-4187984.000,-4914323.000,-4181226.000,-3651245.000,-1381916.000,-204975.000,132392.000,277083.000,298111.000
NetIncomeLossAllocatedToGeneralPartners,-5850464.000,-7016533.000,,,,,,,,,,,,,,,,,,,,,
NetIncomeLossAllocatedToLimitedPartners,446851.000,535913.000,3670606.000,389513.000,-2473660.000,-3323382.000,,,,,,,,,,,,,,,,,
NetIncomeLossPerOutstandingLimitedPartnershipAndGeneralPartnershipUnitBasicAndDiluted,431.320,517.290,251.410,26.680,-169.430,-227.630,39.090,5.900,95.150,-150.950,94.080,90.720,53.850,-189.740,,,,,,,,,
OilAndCondensateRevenue,7060635.000,8941499.000,5023526.000,3387960.000,2714481.000,1956491.000,1744809.000,2280703.000,1715873.000,1440506.000,1364882.000,1492903.000,1016311.000,802046.000,441764.000,464578.000,489690.000,330022.000,250157.000,355594.000,284847.000,362080.000,408712.000
OperatingCostsAndExpenses,3600549.000,5879374.000,,,,,,,,,,,,,,,,,,,,,
PartnersCapitalAccountDistributions,,,7750001.000,,,,2741775.000,,,,1950251.000,,,,698055.000,,,,168152.000,,,,358112.000
PaymentsOfCapitalDistribution,,,7750001.000,,,,2741775.000,,,,1950251.000,,,,698055.000,,,,168152.000,,,,358112.000
PaymentsToExploreAndDevelopOilAndGasProperties,,,576923.000,,,,165092.000,,,,19271.000,,,,,,,,6429.000,,,,1751.000
ProceedsFromSaleOfOilAndGasPropertyAndEquipment,,,,,,,,,,,,,,,19792.000,,,,,,,,
ProductionTaxExpense,500901.000,923928.000,386923.000,131384.000,105902.000,44005.000,22913.000,73693.000,81294.000,88661.000,106286.000,100414.000,72551.000,56659.000,35442.000,29757.000,42651.000,32769.000,23375.000,35707.000,30613.000,38311.000,43548.000
ResultsOfOperationsAccretionOfAssetRetirementObligations,,,7361.000,7225.000,7314.000,7374.000,7656.000,7586.000,7493.000,7436.000,7783.000,7807.000,7702.000,7776.000,8142.000,8142.000,8142.000,8154.000,8489.000,8525.000,8495.000,8515.000,8889.000
Revenues,9897864.000,13431820.000,7104867.000,4669059.000,3878319.000,3052016.000,2969886.000,3325008.000,2678093.000,2321407.000,2442482.000,2435238.000,1704421.000,1359262.000,771666.000,754468.000,751609.000,572503.000,427240.000,590546.000,543718.000,667638.000,710596.000
SalesRevenueNet,9897864.000,13431820.000,7104867.000,4669059.000,3878319.000,3052016.000,2969886.000,3325008.000,2678093.000,2321407.000,2442482.000,2435238.000,1704421.000,1359262.000,771666.000,754468.000,751609.000,572503.000,427240.000,590546.000,543718.000,667638.000,710596.000
UnamortizedCostsCapitalizedLessRelatedDeferredIncomeTaxesExceedCeilingLimitationExpense,,,,1754823.000,4354840.000,,963355.000,1757285.000,,,,,,,4126328.000,4954931.000,4271919.000,3689217.000,1263598.000,353973.000,,,
WeightedAverageNumberOfLimitedPartnershipAndGeneralPartnershipUnitOutstandingBasicAndDiluted,14600.000,14600.000,14600.000,,,,14600.000,14600.000,14600.000,-29200.000,14600.000,14600.000,14600.000,-29200.000,,,,,,,,,
