,2011-09-30,2012-03-31,2013-03-31,2013-06-30,2013-09-30,2013-12-31,2014-03-31,2014-06-30,2014-09-30,2014-12-31,2015-03-31,2015-06-30,2015-09-30
AdjustmentsToAdditionalPaidInCapitalConvertibleDebtWithConversionFeature,,,97181.000,,,,,,,,,,
AdvertisingExpense,,,12588.000,668.000,4117.000,94614.000,25307.000,,,,27275.000,,
AllocatedShareBasedCompensationExpense,,0.000,,,,,53348.000,53941.000,,,,,
AmortizationOfDebtDiscountPremium,,,166903.000,25885.000,14390.000,114390.000,14333.000,94104.000,,,35782.000,60162.000,106863.000
AmortizationOfDeferredCharges,,,15406.000,18644.000,27288.000,27300.000,27475.000,,,,11424.000,11446.000,11573.000
AmortizationOfFinancingCosts,,,,,,,,189690.000,,,11424.000,11446.000,11573.000
AmortizationOfFinancingCostsAndDiscounts,,,,,,,,,,,,50899.000,
AmortizationOfIntangibleAssets,,,,,4035.000,,,,,,,,
AntidilutiveSecuritiesExcludedFromComputationOfEarningsPerShareAmount,,,6474948.000,,,,9990500.000,,,,12392200.000,,
CashAndCashEquivalentsPeriodIncreaseDecrease,,-7500.000,-48066.000,,,,47139.000,,,,-298999.000,,
ConcentrationRiskPercentage1,,,0.260,,,,,,,,,,
CostOfRevenue,,0.000,371503.000,474692.000,463649.000,823215.000,716050.000,970305.000,920544.000,761247.000,325147.000,465705.000,491632.000
DebtConversionConvertedInstrumentAmount1,,,,,,,125000.000,,,,,,
DebtConversionConvertedInstrumentSharesIssued1,,,,,,,100000.000,,,,,,
DebtConversionOriginalDebtAmount1,,,,,,,37500.000,,,,,,
DebtInstrumentConvertibleBeneficialConversionFeature,,,17995.000,,,,,,,,83172.000,,
Depreciation,,,2129.000,2128.000,22619.000,-14756.000,21760.000,17776.000,17777.000,18044.000,17826.000,17826.000,20846.000
EarningsPerShareBasicAndDiluted,-0.050,-0.020,-0.100,-0.180,-0.120,-0.150,-0.100,-0.170,-0.050,-0.180,-0.060,-0.040,-0.070
FoodAndBeverageCostOfSales,,,129907.000,148397.000,144496.000,236883.000,180063.000,293836.000,255297.000,170651.000,115264.000,188121.000,161619.000
GainLossOnSaleOfPropertyPlantEquipment,,,,,,,,-38000.000,-5800.000,,,,
GainLossOnSalesOfAssetsAndAssetImpairmentCharges,,,,,,,,,,,-65167.000,,
GainsLossesOnExtinguishmentOfDebt,,,,,,,93750.000,,,,,-37212.000,
GeneralAndAdministrativeExpense,15039.000,0.000,380172.000,773059.000,763125.000,615978.000,799680.000,1696585.000,769785.000,3810851.000,1029045.000,887638.000,1114890.000
GrossProfit,,0.000,10866.000,70529.000,-43069.000,-142053.000,-81987.000,-25371.000,75051.000,314182.000,243958.000,494647.000,138509.000
IncomeLossFromContinuingOperationsBeforeIncomeTaxesMinorityInterestAndIncomeLossFromEquityMethodInvestments,,,-830763.000,-1774444.000,-1343430.000,-1664282.000,-1202497.000,,,,-1088322.000,-749498.000,-1345172.000
IncomeTaxExpenseBenefit,0.000,,274.000,,-204.000,,,,,,,,
IncomeTaxesPaid,,0.000,,,,,,,,,,,
IncreaseDecreaseInAccountsPayable,,,95489.000,,,,474574.000,,,,,,
IncreaseDecreaseInAccountsPayableAndAccruedLiabilities,,9836.000,,,,,,,,,,,
IncreaseDecreaseInAccountsPayableRelatedParties,,,94375.000,,,,-163385.000,,,,-26087.000,,
IncreaseDecreaseInAccountsReceivable,,,18080.000,,,,11104.000,,,,-661.000,,
IncreaseDecreaseInCustomerDeposits,,,-3341.000,,,,,,,,,,
IncreaseDecreaseInDeferredCharges,,,39750.000,,,,,,,,,,
IncreaseDecreaseInDueToOfficersAndStockholders,,,26200.000,,,,,,,,,,
IncreaseDecreaseInEmployeeRelatedLiabilities,,,9500.000,,,,,,,,,,
IncreaseDecreaseInInterestPayableNet,,,62163.000,,,,87999.000,,,,15461.000,,
IncreaseDecreaseInNotesReceivableCurrent,,,,,,,,,,,-12000.000,,
IncreaseDecreaseInOtherOperatingAssets,,,4000.000,,,,-6500.000,,,,5409.000,,
IncreaseDecreaseInPrepaidDeferredExpenseAndOtherAssets,,,-7203.000,,,,21057.000,,,,-6277.000,,
InterestExpense,,,67140.000,84518.000,89332.000,94496.000,144199.000,366902.000,49349.000,-292897.000,17961.000,43241.000,50196.000
InterestExpenseDebt,,,1500.000,1517.000,3788.000,-1127.000,50898.000,,,,1307.000,,
InterestExpenseOther,,,,,,,,366902.000,49349.000,,65167.000,114849.000,168632.000
InterestExpenseRelatedParty,,,357.000,354.000,427.000,383.000,17248.000,,0.000,,,,
InterestIncomeOther,,,,,,,1843.000,1842.000,,,0.000,0.000,0.000
InterestPaid,,0.000,,,,,,,,,,,
InterestPaidNet,,,5436.000,,,,6000.000,,,,2500.000,,
InvestmentIncomeAmortizationOfDiscount,,,,,,,,,,,,9263.000,38020.000
InvestmentIncomeInterest,,,,,,,6218.000,4800.000,0.000,0.000,,,
IssuanceOfStockAndWarrantsForServicesOrClaims,,0.000,,,,,,,,,,,
LicensesRevenue,,,,,,,,8786.000,215994.000,,6050.000,3464.000,8484.000
NetCashProvidedByUsedInFinancingActivities,,0.000,395307.000,,,,686000.000,,,,615000.000,,
NetCashProvidedByUsedInFinancingActivitiesContinuingOperations,,0.000,395307.000,,,,686000.000,,,,615000.000,,
NetCashProvidedByUsedInInvestingActivities,,,-232.000,,,,-230.000,,,,,,
NetCashProvidedByUsedInInvestingActivitiesContinuingOperations,,,-232.000,,,,-230.000,,,,,,
NetCashProvidedByUsedInOperatingActivities,,-7500.000,-443141.000,,,,-638631.000,,,,-913999.000,,
NetCashProvidedByUsedInOperatingActivitiesContinuingOperations,,-7500.000,-443141.000,,,,-638631.000,,,,-913999.000,,
NetIncomeLoss,,,-831037.000,-1774444.000,-1343226.000,-1664212.000,-1202497.000,-2266947.000,-939189.000,-3303575.000,-1088322.000,-749498.000,-1345172.000
NonoperatingIncomeExpense,,,,,,,,,,,,-152061.000,-168632.000
OperatingExpenses,45039.000,17336.000,591823.000,1715572.000,1168924.000,1295123.000,923473.000,1841474.000,959091.000,3992423.000,1267113.000,1092084.000,1315049.000
OperatingIncomeLoss,-45039.000,,-580957.000,-1645043.000,-1211993.000,-1437176.000,-1005460.000,-1866845.000,-884040.000,-3678241.000,-1023155.000,-597437.000,-1176540.000
OtherSalesRevenueNet,,,,,,,,186452.000,194390.000,,192259.000,210796.000,112316.000
PaymentsForLoans,,,,,,,,,,,25000.000,,
PaymentsForRent,,,39980.000,52028.000,57159.000,119872.000,,,,,,,
PaymentsOfFinancingCosts,,,,,,,10000.000,,,,60000.000,,
PaymentsToAcquirePropertyPlantAndEquipment,,,232.000,,,,230.000,,,,,,
ProceedsFromConvertibleDebt,,,374955.000,,,,,,,,625000.000,,
ProceedsFromIssuanceOfCommonStock,,0.000,,,,,,,,,,,
ProceedsFromIssuanceOfPrivatePlacement,,,2024955.000,,,,,,,,,,
ProceedsFromIssuanceOfUnsecuredDebt,,,,,,,,,,,75000.000,,
ProceedsFromLoans,,,,,,,50000.000,,,,,,
ProfessionalFees,30000.000,17336.000,,,,,,,,,,,
ProfitLoss,-45039.000,-17336.000,,,,,,,,,,,
ProvisionForDoubtfulAccounts,,,,,,,,,,,3386.000,,
RelatedPartyTransactionExpensesFromTransactionsWithRelatedParty,,,150375.000,835302.000,325035.000,341375.000,65625.000,65625.000,116525.000,-173418.000,149194.000,137601.000,148489.000
RepaymentsOfDebt,,,4448.000,,,,,,,,,,
RepaymentsOfNotesPayable,,,4448.000,,,,94000.000,,,,,,
RepaymentsOfRelatedPartyDebt,,,1400.000,,,,,,,,,,
Revenues,,0.000,382369.000,545221.000,420580.000,681162.000,634063.000,944934.000,995595.000,1075429.000,569105.000,960352.000,630141.000
SalesRevenueGoodsNet,,,,,,,,749696.000,585211.000,,370796.000,746092.000,509341.000
SalesRevenueNet,,0.000,382369.000,545221.000,420580.000,681162.000,634063.000,944934.000,995595.000,1075429.000,569105.000,960352.000,630141.000
SellingExpense,,,59147.000,105083.000,54110.000,75308.000,36408.000,61488.000,55004.000,58395.000,67662.000,49019.000,30824.000
ShareBasedCompensation,,,,,,,,,,,53348.000,53941.000,54534.000
ShareBasedCompensationArrangementByShareBasedPaymentAwardFairValueAssumptionsExpectedVolatilityRate,,,0.800,,,,,,,,,,
ShareBasedCompensationArrangementByShareBasedPaymentAwardFairValueAssumptionsRiskFreeInterestRateMaximum,,,0.009,,,,,,,,,,
ShareBasedCompensationArrangementByShareBasedPaymentAwardFairValueAssumptionsRiskFreeInterestRateMinimum,,,0.006,,,,,,,,,,
StockAndWarrantsIssuedDuringPeriodValuePreferredStockAndWarrants,,,,,,,,,,,75000.000,,
StockIssuedDuringPeriodSharesIssuedForServices,,,,,,,,,,,30000.000,,
StockIssuedDuringPeriodValueIssuedForServices,,,,,,,,,,,37500.000,,
TimeSharingTransactionsStatedInterestRatesForNotesReceivableMaximum,,,,,,,,,,,0.033,,
TimeSharingTransactionsStatedInterestRatesForNotesReceivableMinimum,,,,,,,,,,,0.000,,
WeightedAverageNumberOfShareOutstandingBasicAndDiluted,,,8442500.000,9784795.000,10922662.000,-18973443.000,12169473.000,13277250.000,18036520.000,-27959007.000,19647531.000,19842458.000,19873678.000
