,2011-12-31,2012-03-31,2012-06-30,2013-03-31,2013-06-30,2014-03-31,2014-06-30,2014-12-31,2015-03-31,2015-06-30,2015-09-30,2015-12-31,2016-03-31,2016-06-30,2016-09-30,2016-12-31,2017-03-31
AdvertisingCostsCapitalizedDirectResponseAdvertisingWriteDown,,,,,,,,28336.000,,,,,,,,,
AllocatedShareBasedCompensationExpense,,,,,,,,,,,,23102.000,,,,99920.000,
BusinessCombinationStepAcquisitionEquityInterestInAcquireeRemeasurementLoss,,,,,,,,,,,,44926.000,,,,,
CashAndCashEquivalentsPeriodIncreaseDecrease,21476.000,,,,,,,-1442304.000,,,,-417362.000,,,,27948.000,
ComprehensiveIncomeNetOfTax,,,,,,,,,-669554.000,-843530.000,,-1736261.000,-448917.000,-1090248.000,-428393.000,-119360.000,-223880.000
ConversionOfStockAmountConverted1,,,,,,,,,,,,280000.000,,,,500000.000,
ConversionOfStockSharesConverted1,,,,,,,,447500.000,252000.000,,,,,,,,
ConversionOfStockSharesIssued1,,,,,,,,22375000.000,13200606.000,,,,,,,,
CostOfGoodsAndServicesSold,0.000,89053.000,43541.000,143627.000,114831.000,33701.000,130181.000,,,,,,,,,,
CostOfGoodsSold,,,,,,,,119868.000,88801.000,19304.000,-142422.000,69992.000,85367.000,102724.000,121953.000,104602.000,221010.000
Depreciation,8212.000,,7835.000,7012.000,6803.000,,,2610.000,,,,,,,,,
DepreciationAndAmortization,,,,,,,,,,,,61092.000,61138.000,61162.000,61188.000,61653.000,
DepreciationDepletionAndAmortization,,,,,,,,,,,,61092.000,,,,61653.000,
EarningsPerShareBasicAndDiluted,0.000,0.040,-0.020,-0.020,-0.010,-0.050,-0.020,-0.030,-0.010,10984239.000,-1077770.960,-0.120,-0.030,-0.050,-0.000,-0.010,-0.010
EquityFairValueAdjustment,,,,,,,,,,,,893325.000,,,,,
EquityMethodInvestmentSummarizedFinancialInformationCostOfSales,,,,,,,,,,,,-10674.000,-7398.000,-27689.000,,,
EquityMethodInvestmentSummarizedFinancialInformationGrossProfitLoss,,,,,,,,,,,,1784.000,17129.000,15135.000,,,
EquityMethodInvestmentSummarizedFinancialInformationNetIncomeLoss,,,,,,,,,,,,-44926.000,-59559.000,-98772.000,,,
EquityMethodInvestmentSummarizedFinancialInformationRevenue,,,,,,,,,,,,12458.000,24527.000,42824.000,,,
FeesAndCommissions,,,,,,,,,,,,,,,,150000.000,
GainsLossesOnExtinguishmentOfDebt,,,,,,,,,,,,12133.000,,,,,
GeneralAndAdministrativeExpense,39605.000,214968.000,116304.000,157922.000,135632.000,277040.000,739718.000,1752651.000,639794.000,697584.000,138192.000,265640.000,219823.000,241221.000,289559.000,317563.000,327384.000
GrossProfit,37011.000,16247.000,18813.000,58209.000,82075.000,16901.000,87067.000,53890.000,47651.000,-12389.000,-158619.000,32144.000,55749.000,161454.000,189200.000,305149.000,276039.000
ImpairmentOfIntangibleAssetsFinitelived,,,,,,,,28336.000,,,,,,,,,
IncomeLossFromContinuingOperationsBeforeIncomeTaxesDomestic,-6627.000,-202710.000,-101151.000,-102981.000,-58358.000,-265250.000,-654381.000,,,,,,,,,,
IncomeLossFromContinuingOperationsBeforeIncomeTaxesMinorityInterestAndIncomeLossFromEquityMethodInvestments,,,,,,,,-1699602.000,-711554.000,-771530.000,,,,,,,
IncomeLossFromContinuingOperationsIncludingPortionAttributableToNoncontrollingInterest,,,,,,,,,,,,,,,,-126160.000,-223600.000
IncomeTaxExpenseBenefit,0.000,0.000,0.000,0.000,0.000,0.000,0.000,,,,,,,,,,
IncreaseDecreaseInAccountsPayable,,,,,,,,,,,,5493.000,,,,-13139.000,
IncreaseDecreaseInAccountsPayableAndAccruedLiabilities,48776.000,,,,,,,10895.000,,,,,,,,,
IncreaseDecreaseInAccountsReceivable,3245.000,,,,,,,4276.000,,,,41304.000,,,,25843.000,
IncreaseDecreaseInAccruedLiabilities,,,,,,,,,,,,-10426.000,,,,-9201.000,
IncreaseDecreaseInDeferredRevenue,92548.000,,,,,,,18650.000,,,,-1839.000,,,,,
IncreaseDecreaseInInterestPayableNet,4033.000,,,,,,,,,,,,,,,,
IncreaseDecreaseInInventories,-122750.000,,,,,,,-79863.000,,,,,,,,,
IncreaseDecreaseInPrepaidExpense,,,,,,,,,,,,870.000,,,,-8357.000,
InterestExpense,4033.000,3989.000,3660.000,3268.000,4801.000,5111.000,1730.000,,,,,,,,,,
InterestExpenseOther,,,,,,,,841.000,-12125.000,-12095.000,,,,,,,
InterestIncomeOperating,,,,,,,,,,,,2500.000,2500.000,2500.000,2500.000,2500.000,2500.000
InterestPaid,,,,,,,,916.000,,,,,,,,,
InventoryWriteDown,,,,,,,,0.000,,,,,,,,,
IssuanceOfStockAndWarrantsForServicesOrClaims,,,,,,,,,,,,109810.000,,,,99920.000,
NetCashProvidedByUsedInFinancingActivities,8827.000,,,,,,,9506.000,,,,45000.000,,,,,
NetCashProvidedByUsedInFinancingActivitiesContinuingOperations,8827.000,,,,,,,9506.000,,,,45000.000,,,,,
NetCashProvidedByUsedInInvestingActivities,-14788.000,,,,,,,-763924.000,,,,-67346.000,,,,-2089.000,
NetCashProvidedByUsedInInvestingActivitiesContinuingOperations,-14788.000,,,,,,,-763924.000,,,,-67346.000,,,,-2089.000,
NetCashProvidedByUsedInOperatingActivities,27437.000,,,,,,,-687886.000,,,,-395016.000,,,,30037.000,
NetCashProvidedByUsedInOperatingActivitiesContinuingOperations,27437.000,,,,,,,-687886.000,,,,-395016.000,,,,30037.000,
NetIncomeLoss,,,,,,,,-1699602.000,-711554.000,-771530.000,-1149643.000,-1732861.000,-446197.000,-1096008.000,-423953.000,-126160.000,-223600.000
OperatingExpenses,,,,,,,,,771330.000,771236.000,,859387.000,462015.000,1275962.000,723653.000,587809.000,608139.000
OperatingIncomeLoss,-2594.000,-198721.000,-97491.000,-99713.000,-53557.000,-260139.000,-652651.000,-1698761.000,-723679.000,-783625.000,-235389.000,-827243.000,-406266.000,-1114508.000,-534453.000,-282660.000,-332100.000
OperatingLeasesRentExpenseNet,,,,,,,,6004.000,,,,,,,,,
OtherComprehensiveIncomeAvailableforsaleSecuritiesAdjustmentNetOfTaxPortionAttributableToParent,,,,,,,,,42000.000,,,,,,,,
OtherComprehensiveIncomeLossNetOfTaxPortionAttributableToParent,,,,,,,,,42000.000,-72000.000,,,,,,,
OtherComprehensiveIncomeUnrealizedHoldingGainLossOnSecuritiesArisingDuringPeriodNetOfTax,,,,,,,,,42000.000,-72000.000,,-3400.000,-2720.000,5760.000,-4440.000,6800.000,-280.000
OtherIncome,,,,,,,,,,,,18000.000,12000.000,16000.000,108000.000,154000.000,106000.000
OtherNonoperatingIncomeExpense,,,,,,,,,,,,-905618.000,-39931.000,18500.000,110500.000,156500.000,108500.000
PaymentsToAcquireOtherPropertyPlantAndEquipment,14788.000,,,,,,,,,,,,,,,,
PaymentsToAcquirePropertyPlantAndEquipment,,,,,,,,763924.000,,,,9470.000,,,,2089.000,
ProceedsFromDivestitureOfInterestInSubsidiariesAndAffiliates,,,,,,,,,,,,-57876.000,,,,,
ProceedsFromIssuanceOfCommonStock,,,,,,,,,,,,45000.000,,,,,
ProceedsFromIssuanceOfConvertiblePreferredStock,,,,,,,6000000.000,,,,,,,,,,
ProceedsFromIssuanceOfDebt,8827.000,,,,,,,,,,,,,,,,
ProceedsFromStockOptionsExercised,,,,,,,3300.000,9506.000,,,,,,,,,
ProfessionalFees,,,,,,,,,,,,242884.000,167804.000,1004225.000,370906.000,191643.000,273951.000
ProfitLoss,-6627.000,-202710.000,-101151.000,-102981.000,-58358.000,-265250.000,-654381.000,,,,,-1732861.000,-446197.000,-1096008.000,,,
ProvisionForDoubtfulAccounts,,,,,,,,,,,,289771.000,13250.000,-30646.000,2000.000,16950.000,6804.000
ResearchAndDevelopmentExpense,,,,,,,,,131536.000,73652.000,,,,,,,
Revenues,37011.000,105300.000,62354.000,201836.000,196906.000,50602.000,217248.000,173758.000,136452.000,6915.000,-301041.000,102136.000,141116.000,264178.000,311153.000,409751.000,497049.000
SalesRevenueNet,37011.000,105300.000,62354.000,201836.000,196906.000,50602.000,217248.000,173758.000,136452.000,6915.000,-301041.000,84136.000,129116.000,248178.000,203153.000,255751.000,391049.000
ShareBasedCompensation,0.000,,615.000,,,,,845540.000,,,,,,,,17500.000,
ShareBasedCompensationArrangementByShareBasedPaymentAwardFairValueAssumptionsExpectedVolatilityRate,,,,,,,,2.560,,2.560,,,,,,,
ShareBasedCompensationArrangementByShareBasedPaymentAwardFairValueAssumptionsRiskFreeInterestRate,,,,,,,,0.016,,0.016,,,,,,,
ShareBasedCompensationArrangementByShareBasedPaymentAwardOptionsForfeituresAndExpirationsInPeriod,,,,,,,,-4000000.000,,,,,,,,,
ShareBasedCompensationArrangementByShareBasedPaymentAwardOptionsForfeituresAndExpirationsInPeriodWeightedAverageExercisePrice,,,,,,,,0.030,,,,,,,,,
ShareBasedCompensationArrangementByShareBasedPaymentAwardOptionsGrantsInPeriodGross,,,,,,,,11100000.000,,300000.000,,,,,,,
ShareBasedCompensationArrangementByShareBasedPaymentAwardOptionsGrantsInPeriodWeightedAverageGrantDateFairValue,,,,,,,,0.040,,0.380,,,,,,,
ShareBasedCompensationArrangementsByShareBasedPaymentAwardOptionsExercisesInPeriodWeightedAverageExercisePrice,,,,,,,,0.330,,,,,,,,,
ShareBasedCompensationArrangementsByShareBasedPaymentAwardOptionsGrantsInPeriodWeightedAverageExercisePrice,,,,,,,,0.040,,0.380,,,,,,,
SharebasedCompensationArrangementBySharebasedPaymentAwardOptionsNonvestedOptionsForfeitedNumberOfShares,,,,,,,,-4000000.000,,,,,,,,,
SharebasedCompensationArrangementBySharebasedPaymentAwardOptionsNonvestedOptionsForfeitedWeightedAverageGrantDateFairValue,,,,,,,,0.000,,,,,,,,,
SharebasedCompensationArrangementBySharebasedPaymentAwardOptionsVestedNumberOfShares,,,,,,,,-9391667.000,,,,,,,,,
SharebasedCompensationArrangementBySharebasedPaymentAwardOptionsVestedWeightedAverageGrantDateFairValue,,,,,,,,0.030,,,,,,,,,
StockIssuedDuringPeriodSharesNewIssues,,,40000.000,,,,44200000.000,,400000.000,,,,,,,,
StockIssuedDuringPeriodSharesShareBasedCompensation,,,6150.000,,,,15000000.000,,125000.000,,,,,,,,
StockIssuedDuringPeriodSharesStockOptionsExercised,,,,,,,10000.000,-28805.000,,,,,,,,,
StockIssuedDuringPeriodValueOther,,,30000.000,,,,,,,,,,,,,,
StockIssuedDuringPeriodValueShareBasedCompensation,,,,,,,,,23063.000,,,,,,,,
StockOptionPlanExpense,,,,,,,,845540.000,,,,,,,,,
StockRepurchasedDuringPeriodShares,,,,,,,,,750000.000,,,,,,,,
WeightedAverageNumberOfShareOutstandingBasicAndDiluted,,,,,,,,52608318.000,89692569.000,-0.070,-142300887.300,14712343.000,16650142.000,20342817.000,-33267254.000,23947563.000,28063050.000
WeightedAverageNumberOfSharesOutstandingBasic,,,,5526345.000,5526400.000,5536400.000,35264092.000,,,,,,,,,,
