,2011-06-30,2011-09-30,2012-03-31,2012-06-30,2012-09-30,2012-12-31,2013-03-31,2013-06-30,2013-09-30,2013-12-31,2014-03-31,2014-06-30,2014-09-30,2014-12-31,2015-03-31,2015-06-30,2015-09-30,2015-12-31
AdjustmentsToAdditionalPaidInCapitalOther,,,,,,,,,,,-150000.000,,,,,,,
AdjustmentsToAdditionalPaidInCapitalShareBasedCompensationStockOptionsRequisiteServicePeriodRecognition,,,78000.000,,,,34000.000,,,,24000.000,,,,11000.000,,,
AllocatedShareBasedCompensationExpense,,,,77000.000,77000.000,,,,,,,,,,,,,
AmortizationOfFinancingCostsAndDiscounts,,,896000.000,,,,909000.000,,,,732000.000,,,,826000.000,,,
CapitalLeaseObligationsIncurred,,,22000.000,,,,193000.000,,,,406000.000,,,,0.000,,,
CashAndCashEquivalentsPeriodIncreaseDecrease,,,3274000.000,,,,312000.000,,,,3579000.000,,,,,,,
CashAndCashEquivalentsPeriodIncreaseDecreaseExcludingExchangeRateEffect,,,,,,,,,,,,,,,3193000.000,,,
CertainLoansAcquiredInTransferAccountedForAsDebtSecuritiesAccretableYieldAccretion,,,,84186000.000,96727000.000,,89147000.000,90499000.000,84293000.000,73639000.000,71490000.000,66838000.000,56985000.000,51722000.000,52403000.000,,,
CertainLoansAcquiredInTransferNotAccountedForAsDebtSecuritiesAccretableYieldAccretion,,,-75683000.000,84186000.000,96727000.000,248130000.000,89147000.000,90499000.000,84293000.000,73639000.000,71490000.000,66838000.000,56985000.000,51722000.000,52403000.000,48820000.000,50522000.000,50866000.000
CertainLoansAcquiredInTransferNotAccountedForAsDebtSecuritiesAccretableYieldAdditions,-58643000.000,-58087000.000,-77879000.000,111635000.000,65487000.000,218248000.000,62109000.000,72278000.000,48161000.000,12770000.000,13150000.000,16241000.000,14866000.000,20367000.000,12592000.000,13557000.000,26234000.000,12194000.000
CertainLoansAcquiredInTransferNotAccountedForAsDebtSecuritiesAccretableYieldReclassificationsFromNonaccretableDifference,,,,48376000.000,3861000.000,,10475000.000,12639000.000,-5317000.000,1286000.000,13555000.000,-10751000.000,-1031000.000,9121000.000,2409000.000,,,
CertainLoansAcquiredInTransferNotAccountedForAsDebtSecuritiesAccretableYieldReclassificationsToFromNonaccretableDifference,,,,,,,,,,,,,,,,20283000.000,19303000.000,
CertainLoansAcquiredInTransferNotAccountedForAsDebtSecuritiesProvisionForLoanLosses1,,,,0.000,-3464000.000,,-1384000.000,-2367000.000,-2709000.000,-188000.000,-205000.000,-318000.000,1331000.000,976000.000,-2419000.000,-229000.000,-1568000.000,-2503000.000
ComprehensiveIncomeNetOfTax,,,-2452000.000,-518000.000,11813000.000,12049000.000,2722000.000,3187000.000,1486000.000,-4969000.000,-3321000.000,-7018000.000,-14768000.000,-16651000.000,-18462000.000,-14447000.000,-12509000.000,-79826000.000
ComprehensiveIncomeNetOfTaxAttributableToNoncontrollingInterest,,,494000.000,520000.000,485000.000,453000.000,221000.000,445000.000,387000.000,348000.000,341000.000,399000.000,409000.000,380000.000,387000.000,419000.000,509000.000,408000.000
ComprehensiveIncomeNetOfTaxIncludingPortionAttributableToNoncontrollingInterest,,,-1958000.000,2000.000,12298000.000,12502000.000,2943000.000,3632000.000,1873000.000,-4621000.000,-2980000.000,-6619000.000,-14359000.000,-16271000.000,-18075000.000,-14028000.000,-12000000.000,-79418000.000
CurrentStateAndLocalTaxExpenseBenefit,,,,,,,,,,,0.000,,,,,,,
DebtInstrumentInterestRateStatedPercentageRateRangeMaximum,,,,,0.080,,,,,,,,,,,,,
DebtInstrumentInterestRateStatedPercentageRateRangeMinimum,,,,,0.042,,,,,,,,,,,,,
DeferredIncomeTaxExpenseBenefit,,,,-1300000.000,,,,,,,,,,,113000.000,,,
DepreciationAndAmortization,1300000.000,1378000.000,1522000.000,1581000.000,1954000.000,1803000.000,1914000.000,1997000.000,2103000.000,1972000.000,1642000.000,1706000.000,1738000.000,1797000.000,1756000.000,1630000.000,1585000.000,1782000.000
EffectOfExchangeRateOnCashAndCashEquivalents,,,52000.000,,,,-250000.000,,,,-302000.000,,,,-1304000.000,,,
EffectiveIncomeTaxRateContinuingOperations,,,,,,,0.163,,,,,,,,,,,
EffectiveIncomeTaxRateReconciliationAtFederalStatutoryIncomeTaxRate,,,,0.372,,,,,,,,,,,,,,
FeesAndCommissionsOther,964000.000,706000.000,161000.000,268000.000,164000.000,192000.000,180000.000,151000.000,180000.000,104000.000,,,,,,,,
GainLossOnSaleOfPropertyPlantEquipment,,,,2607000.000,72000.000,,,0.000,0.000,,,,,,,,,
GeneralAndAdministrativeExpense,3281000.000,3364000.000,2628000.000,3055000.000,2791000.000,4179000.000,3448000.000,4000000.000,3330000.000,3640000.000,4043000.000,3538000.000,3549000.000,3327000.000,3307000.000,2988000.000,2758000.000,4601000.000
GoodwillOtherChanges,,,,,,,,,,,,,,,100000.000,,,
IncomeLossFromContinuingOperationsBeforeIncomeTaxesDomestic,,,,,8500000.000,,1800000.000,,,,,,,,,,,
IncomeLossFromContinuingOperationsBeforeIncomeTaxesExtraordinaryItemsNoncontrollingInterest,-9652000.000,-8523000.000,-693000.000,1428000.000,13198000.000,14116000.000,3980000.000,6314000.000,1956000.000,-1944000.000,-1109000.000,-5446000.000,-11309000.000,-14126000.000,-14228000.000,-13216000.000,-8958000.000,-87250000.000
IncomeLossFromSubsidiariesNetOfTax,,,,,,,,,,,,,,,,0.000,0.000,
IncomeTaxExpenseBenefit,701000.000,837000.000,1418000.000,1284000.000,1352000.000,1381000.000,650000.000,1940000.000,590000.000,2063000.000,1037000.000,2071000.000,1699000.000,1143000.000,1160000.000,1243000.000,766000.000,-9120000.000
IncomeTaxesPaidNet,,,2479000.000,,,,3438000.000,,,,957000.000,,,,1221000.000,,,
IncreaseDecreaseInAccountsPayableAndAccruedLiabilities,,,5256000.000,,,,6241000.000,,,,5715000.000,,,,6253000.000,,,
IncreaseDecreaseInIncomeTaxesPayableNetOfIncomeTaxesReceivable,,,-1061000.000,,,,-2784000.000,,,,85000.000,,,,-177000.000,,,
IncreaseDecreaseInOtherOperatingAssets,,,1674000.000,,,,1800000.000,,,,2119000.000,,,,2694000.000,,,
IncreaseDecreaseInRestrictedCashForOperatingActivities,,,18810000.000,,,,17043000.000,,,,19024000.000,,,,17568000.000,,,
InterestExpense,12279000.000,12398000.000,12202000.000,12230000.000,12078000.000,11946000.000,11778000.000,11605000.000,11392000.000,11209000.000,11009000.000,11075000.000,11049000.000,11084000.000,11088000.000,11207000.000,11165000.000,11149000.000
InterestIncomeOther,,,,-21000.000,17000.000,,15000.000,21000.000,38000.000,29000.000,19000.000,38000.000,44000.000,62000.000,41000.000,43000.000,41000.000,32000.000
InterestPaid,,,2845000.000,,,,2385000.000,,,,1784000.000,,,,1795000.000,,,
LaborAndRelatedExpense,6110000.000,6239000.000,6235000.000,6879000.000,6507000.000,6515000.000,6847000.000,7158000.000,7142000.000,5201000.000,7557000.000,7530000.000,7766000.000,7699000.000,8662000.000,9064000.000,9430000.000,7445000.000
LoanPortfolioExpense,44962000.000,44438000.000,54243000.000,59833000.000,58317000.000,16816000.000,46457000.000,44178000.000,44266000.000,36721000.000,35172000.000,34495000.000,31643000.000,,,,,
NetCashProvidedByUsedInFinancingActivities,,,13434000.000,,,,11530000.000,,,,2535000.000,,,,8968000.000,,,
NetCashProvidedByUsedInFinancingActivitiesContinuingOperations,,,13434000.000,,,,11530000.000,,,,2535000.000,,,,8968000.000,,,
NetCashProvidedByUsedInInvestingActivities,,,2158000.000,,,,-1934000.000,,,,15421000.000,,,,22035000.000,,,
NetCashProvidedByUsedInInvestingActivitiesContinuingOperations,,,2158000.000,,,,-1934000.000,,,,15421000.000,,,,22035000.000,,,
NetCashProvidedByUsedInOperatingActivities,,,-12318000.000,,,,-9284000.000,,,,-14377000.000,,,,-27810000.000,,,
NetCashProvidedByUsedInOperatingActivitiesContinuingOperations,,,-12318000.000,,,,-9284000.000,,,,-14377000.000,,,,-27810000.000,,,
NetIncomeLoss,-10595000.000,-9642000.000,-2605000.000,-376000.000,11361000.000,12282000.000,3109000.000,3929000.000,979000.000,-4355000.000,-2487000.000,-7916000.000,-13417000.000,-15649000.000,-15775000.000,-14878000.000,-10233000.000,-78538000.000
NetIncomeLossAttributableToNoncontrollingInterest,242000.000,282000.000,494000.000,520000.000,485000.000,453000.000,221000.000,445000.000,387000.000,348000.000,341000.000,399000.000,409000.000,380000.000,387000.000,419000.000,509000.000,408000.000
OperatingExpenses,56856000.000,56474000.000,66465000.000,73378000.000,71538000.000,68652000.000,71360000.000,72657000.000,69859000.000,64215000.000,61503000.000,61131000.000,57179000.000,54611000.000,55465000.000,50771000.000,48240000.000,126882000.000
OperatingIncomeLoss,2853000.000,2392000.000,11601000.000,11157000.000,25363000.000,26123000.000,18027000.000,17993000.000,14664000.000,9478000.000,10006000.000,5716000.000,-180000.000,-2875000.000,-3056000.000,-1932000.000,2292000.000,-76009000.000
OtherComprehensiveIncomeForeignCurrencyTransactionAndTranslationAdjustmentNetOfTaxPeriodIncreaseDecrease,,,153000.000,,,,,,,,,,,,,,,
OtherComprehensiveIncomeForeignCurrencyTransactionAndTranslationGainLossArisingDuringPeriodNetOfTax,,,,,,,-387000.000,-742000.000,507000.000,-614000.000,-834000.000,898000.000,,,,,,
OtherComprehensiveIncomeForeignCurrencyTranslationGainLossArisingDuringPeriodTax,,,,,,,0.000,,,,0.000,,,,0.000,,,
OtherComprehensiveIncomeLossForeignCurrencyTransactionAndTranslationAdjustmentNetOfTax,,,,,,,-387000.000,,,,-834000.000,898000.000,-1351000.000,-1002000.000,-2687000.000,431000.000,-2276000.000,-1288000.000
OtherComprehensiveIncomeLossForeignCurrencyTransactionAndTranslationReclassificationAdjustmentRealizedUponSaleOrLiquidationNetOfTax,,,,,,,0.000,,,,0.000,,,,,,,
OtherComprehensiveIncomeLossNetOfTax,,,,,,,-387000.000,,,,-834000.000,,,,-2687000.000,,,
OtherCostAndExpenseOperating,518000.000,545000.000,1823000.000,2001000.000,1959000.000,2018000.000,2388000.000,3697000.000,3081000.000,8385000.000,3906000.000,3904000.000,4061000.000,,,,,
OtherExpenses,12505000.000,10915000.000,12294000.000,9729000.000,12165000.000,12007000.000,14047000.000,11679000.000,12708000.000,11422000.000,11115000.000,11162000.000,11129000.000,11251000.000,11172000.000,11284000.000,11250000.000,11241000.000
OtherNoncashIncomeExpense,,,-950000.000,,,,-1192000.000,,,,-919000.000,,,,-1477000.000,,,
OtherNonoperatingIncomeExpense,-226000.000,1483000.000,-92000.000,2501000.000,-87000.000,-61000.000,-2269000.000,-74000.000,-1316000.000,-213000.000,-106000.000,-87000.000,-80000.000,-167000.000,-84000.000,-77000.000,-85000.000,-92000.000
OtherTaxExpenseBenefit,,,,,,,,,,,,,,,,,700000.000,
PaymentsOfCapitalDistribution,,,,,,,,,,,,,,,0.000,,,
PaymentsOfDebtIssuanceCosts,,,,,,,,,,,33000.000,,,,0.000,,,
PaymentsToAcquireAdditionalInterestInSubsidiaries,,,,,,,0.000,,,,0.000,,,,0.000,,,
PaymentsToAcquireFinanceReceivables,,,72484000.000,,,,62270000.000,,,,25764000.000,,,,22002000.000,,,
PaymentsToAcquirePropertyPlantAndEquipment,,,1224000.000,,,,1201000.000,,,,1082000.000,,,,958000.000,,,
ProceedsFromCollectionOfNotesReceivable,,,183000.000,,,,32000.000,,,,0.000,,,,,,,
ProceedsFromContributionsFromParent,,,,,,,0.000,,,,-150000.000,,,,,,,
ProceedsFromLinesOfCredit,,,152610000.000,,,,147167000.000,,,,117758000.000,,,,102192000.000,,,
ProceedsFromRepaymentsOfNotesPayable,,,-117000.000,,,,-108000.000,,,,-187000.000,,,,-170000.000,,,
ProfessionalAndContractServicesExpense,685000.000,510000.000,14000.000,29000.000,10000.000,4000.000,3000.000,4000.000,2000.000,2000.000,,,,,,,,
ProfitLoss,-10353000.000,-9360000.000,-2111000.000,144000.000,11846000.000,12735000.000,3330000.000,4374000.000,1366000.000,-4007000.000,-2146000.000,-7517000.000,-13008000.000,-15269000.000,-15388000.000,-14459000.000,-9724000.000,-78130000.000
RepaymentsOfLinesOfCredit,,,138787000.000,,,,135245000.000,,,,114476000.000,,,,92561000.000,,,
RepaymentsOfLongTermCapitalLeaseObligations,,,272000.000,,,,284000.000,,,,377000.000,,,,493000.000,,,
RevenueOtherFinancialServices,102000.000,73000.000,26000.000,81000.000,10000.000,15000.000,60000.000,0.000,50000.000,-50000.000,19000.000,9000.000,14000.000,14000.000,6000.000,19000.000,10000.000,7000.000
Revenues,59709000.000,58866000.000,78066000.000,84535000.000,96901000.000,94775000.000,89387000.000,90650000.000,84523000.000,73693000.000,71509000.000,66847000.000,56999000.000,51736000.000,52409000.000,48839000.000,50532000.000,50873000.000
RoyaltyRevenue,,,,3657000.000,3277000.000,,2861000.000,2770000.000,2760000.000,2041000.000,1680000.000,1606000.000,1379000.000,1097000.000,1065000.000,616000.000,-33000.000,-8000.000
SalesRevenueNet,59709000.000,58866000.000,78066000.000,84535000.000,96901000.000,94775000.000,89387000.000,90650000.000,84523000.000,73693000.000,71509000.000,66847000.000,56999000.000,51736000.000,52409000.000,48839000.000,50532000.000,50873000.000
SeveranceCosts1,,,,,,,,,,,,,,,,,700000.000,
StockOptionPlanExpense,,,78000.000,,,,34000.000,33000.000,32000.000,29000.000,24000.000,25000.000,17000.000,13000.000,11000.000,9000.000,9000.000,5000.000
ValuationAllowanceDeferredTaxAssetChangeInAmount,,,,1300000.000,,,,,,,,,,,,,,
