,2012-09-30,2012-12-31,2013-06-30,2013-09-30,2013-12-31,2014-03-31,2014-06-30,2014-09-30,2014-12-31,2015-03-31,2015-06-30,2015-09-30,2015-12-31,2016-06-30
AdjustmentForAmortization,,,,,,,,,,,776.000,,,805.000
AllocatedShareBasedCompensationExpense,,,,,,,,,,,,,600753.000,
AntidilutiveSecuritiesExcludedFromComputationOfEarningsPerShareAmount,,,,,,,1199914.000,,,,1453875.000,,,
CashAndCashEquivalentsPeriodIncreaseDecrease,,,146.000,,,,,,,,-159690.000,,,-191266.000
CashPeriodIncreaseDecrease,,,,,,,566324.000,,,,,,,
ComprehensiveIncomeNetOfTax,,,,,,,-538151.000,,-1414324.000,,-358066.000,-360180.000,-931745.000,
ComprehensiveIncomeNetOfTaxIncludingPortionAttributableToNoncontrollingInterest,,,,,,,,,,,,,,-407689.000
ConcentrationRiskPercentage1,,,,,,,,,,,,,0.730,
Depreciation,,,,,,,,,,,776.000,655.000,918.000,805.000
DividendsSharebasedCompensationStock,,,,,,,,,,,,,,72858.000
EarningsPerShareBasic,0.000,0.000,,,0.040,,,-0.010,-0.010,,,,,
EarningsPerShareBasicAndDiluted,,,-0.010,-0.010,,,,,,,-0.010,-0.010,-0.030,-0.020
EarningsPerShareDiluted,,,,,0.040,,-0.010,,,,,,,
EffectOfExchangeRateOnCashAndCashEquivalents,,,,,,,,,,,1377.000,,,-130.000
GainLossOnSaleOfNotesReceivable,,,,,1241100.000,,,,,,,,,
GeneralAndAdministrativeExpense,427.000,16735.000,2854.000,32388.000,77069.000,10902.000,10072.000,22332.000,59139.000,241796.000,64800.000,68874.000,76211.000,86878.000
IncomeLossFromDiscontinuedOperationsNetOfTax,-1427.000,-17735.000,,,,,,,,,,,,
IncreaseDecreaseInAccountsPayable,,,400.000,,,,,,,,,,,
IncreaseDecreaseInAccountsPayableAndAccruedLiabilities,,,,,,,59896.000,,,,42218.000,,,50313.000
IncreaseDecreaseInAccountsPayableRelatedParties,,,,,,,,,,,-51231.000,,,48608.000
IncreaseDecreaseInAccountsReceivable,,,,,,,-3445.000,,,,3431.000,,,28486.000
IncreaseDecreaseInAccountsReceivableRelatedParties,,,,,,,,,,,-14687.000,,,
IncreaseDecreaseInAccruedInterestReceivableNet,,,,,,,,,,,,,,950.000
IncreaseDecreaseInPrepaidDeferredExpenseAndOtherAssets,,,,,,,,,,,,,,1267.000
IncreaseDecreaseInPrepaidExpense,,,-2000.000,,,,,,,,-17335.000,,,-7125.000
InterestExpense,,,,1223.000,1233.000,,,,,,,,,
InterestPaid,,,,,,,0.000,,,,,,,
InvestmentIncomeInterest,,,,4915.000,,,,,,,,,,
IssuanceOfStockAndWarrantsForServicesOrClaims,,,,,,,111042.000,,,,6630.000,,,30000.000
ManagementFeeExpense,,,,5080.000,43017.000,,,,,,,,,
MarketingAndAdvertisingExpense,,,,9291.000,37128.000,,41441.000,58439.000,79252.000,6005.000,3925.000,,,
NetCashProvidedByUsedInFinancingActivities,,,3600.000,,,,766686.000,,,,173356.000,,,25000.000
NetCashProvidedByUsedInFinancingActivitiesContinuingOperations,,,3600.000,,,,766686.000,,,,173356.000,,,25000.000
NetCashProvidedByUsedInInvestingActivities,,,,,,,,,,,-1742.000,,,
NetCashProvidedByUsedInInvestingActivitiesContinuingOperations,,,,,,,,,,,-1742.000,,,
NetCashProvidedByUsedInOperatingActivities,,,-3454.000,,,,-200362.000,,,,-332681.000,,,-216136.000
NetCashProvidedByUsedInOperatingActivitiesContinuingOperations,,,-3454.000,,,,-200362.000,,,,-332681.000,,,-216136.000
NetIncomeLoss,-1427.000,-17735.000,-5854.000,-130973.000,1024130.000,-1937172.000,-374745.000,-379305.000,-342388.000,-1912580.000,-359665.000,-353681.000,-932957.000,-407689.000
NumberOfOperatingSegments,,,,,,,,,,,1.000,,,
OperatingExpenses,,,5854.000,162871.000,257541.000,1977390.000,394485.000,381720.000,414427.000,416698.000,363000.000,357423.000,1007340.000,483307.000
OperatingIncomeLoss,,,-5854.000,-134665.000,-215737.000,-1850833.000,-374745.000,-379305.000,-342388.000,-409057.000,,,,
OtherComprehensiveIncomeForeignCurrencyTransactionAndTranslationAdjustmentNetOfTaxPortionAttributableToParent,,,,,,,,,,,1599.000,-6499.000,1212.000,
OtherComprehensiveIncomeForeignCurrencyTransactionAndTranslationGainLossArisingDuringPeriodNetOfTax,,,,,,,,,,,,,,-158.000
OtherComprehensiveIncomeLossNetOfTax,,,,,,,,-510028.000,,,1599.000,,,
OtherComprehensiveIncomeUnrealizedHoldingGainLossOnSecuritiesArisingDuringPeriodNetOfTax,,,,,,,-163406.000,-130723.000,-1071936.000,1363739.000,,,,
OtherNonoperatingIncome,,,,3692.000,,,,,,,,,,
OtherNonoperatingIncomeExpense,,,,,1239867.000,,,,,,,,,
PaymentsToAcquireMachineryAndEquipment,,,,,,,,,,,1742.000,,,
ProceedsFromIssuanceOfCommonStock,,,,,,,771623.000,,,,92250.000,,,
ProceedsFromRelatedPartyDebt,,,3600.000,,,,,,,,81106.000,,,
ProfessionalAndContractServicesExpense,,,,,,,,56000.000,57000.000,,,,,
ProfessionalFees,1000.000,1000.000,3000.000,30751.000,29959.000,68518.000,19645.000,30801.000,16407.000,28842.000,27267.000,10743.000,17986.000,84703.000
ProvisionForDoubtfulAccounts,,,,,,,,,,,,,,10647.000
RelatedPartyTransactionExpensesFromTransactionsWithRelatedParty,,,,4800.000,1787.000,,,,,,,,,2683.000
RelatedPartyTransactionSellingGeneralAndAdministrativeExpensesFromTransactionsWithRelatedParty,,,,6755.000,3407.000,,28490.000,,,,,,,
RepaymentsOfRelatedPartyDebt,,,,,,,4937.000,,,,,,,
ResearchAndDevelopmentExpense,,,,,,,,14101.000,73685.000,,111566.000,125050.000,93643.000,102582.000
RevenueFromRelatedParties,,,,,,,,,7126.000,,,,,
Revenues,,,,28206.000,41804.000,,19740.000,2415.000,72039.000,7641.000,3335.000,3742.000,74383.000,75618.000
SalesRevenueGoodsNet,,,,,,,,,64913.000,,3335.000,3742.000,74383.000,75618.000
SalesRevenueNet,,,,28206.000,41804.000,,19740.000,2415.000,72039.000,7641.000,3335.000,3742.000,74383.000,75618.000
SellingAndMarketingExpense,,,,,,,,,,,,29578.000,15248.000,8867.000
ShareBasedCompensationArrangementByShareBasedPaymentAwardEquityInstrumentsOtherThanOptionsGrantsInPeriodWeightedAverageGrantDateFairValue,,,,,,,1.000,,1.250,,,,,
ShareBasedCompensationArrangementByShareBasedPaymentAwardSharesIssuedInPeriod,,,,,,,694414.000,,305000.000,,,,,
TechnologyServicesCosts,,,,73806.000,65174.000,,175697.000,63009.000,77207.000,122280.000,,,,
WeightedAverageNumberOfDilutedSharesOutstanding,,,,,27492500.000,,28432864.000,,,,,,,
WeightedAverageNumberOfShareOutstandingBasicAndDiluted,,,23030000.000,18732043.000,,,,,,,30226095.000,31324934.000,33261154.000,27070480.000
WeightedAverageNumberOfSharesOutstandingBasic,2813791.000,3285714.000,,,27998000.000,,,24490763.000,29606155.000,,,,,
