,2013-09-30,2014-03-31,2014-06-30,2014-09-30,2014-12-31,2015-03-31,2015-06-30,2015-09-30,2015-12-31,2016-03-31,2016-06-30,2016-09-30,2016-12-31,2017-03-31
AccretionExpense,,,,,,,,,,1200.000,,,,
AllocatedShareBasedCompensationExpense,,,,,,,,,,29600.000,42900.000,10900.000,8100.000,17000.000
AmortizationOfIntangibleAssets,21300.000,21300.000,22000.000,39600.000,5200.000,20000.000,20000.000,20000.000,24100.000,22800.000,22800.000,25200.000,,25100.000
AntidilutiveSecuritiesExcludedFromComputationOfEarningsPerShareAmount,9349200.000,11966250.000,,6500568.000,,11959150.000,,,,12705800.000,,,,13239700.000
CashAndCashEquivalentsPeriodIncreaseDecrease,,-253000.000,,,,432700.000,,,,405700.000,,,,109400.000
ConcentrationRiskPercentage1,,,,,,0.480,0.590,0.340,,,,,,
ContractsRevenue,,-469500.000,,,,-2401600.000,,,,-431000.000,,,,
CostOfGoodsAndServicesSoldDepreciation,,,,,,106900.000,,,,,,,,
CostOfGoodsSold,337100.000,380200.000,747400.000,902000.000,1125900.000,665800.000,588800.000,674600.000,452100.000,368100.000,697400.000,1323100.000,1028400.000,1178400.000
CostOfServices,1707500.000,1581400.000,1988900.000,2300600.000,2592200.000,1866400.000,1740700.000,1423800.000,1570000.000,1690300.000,1371000.000,1193100.000,1534900.000,1789500.000
Depreciation,,,,,,126600.000,126500.000,126500.000,,,,,,166700.000
DepreciationAndAmortization,74500.000,93100.000,101500.000,101000.000,111000.000,24500.000,,,,171500.000,165500.000,165600.000,,
DepreciationDepletionAndAmortization,95700.000,93100.000,123500.000,141100.000,136900.000,146600.000,146600.000,146600.000,275600.000,194300.000,185800.000,190800.000,214100.000,191900.000
DepreciationNonproduction,,,,,,19700.000,,,,,,,,
EarningsPerShareBasic,,,,0.010,,,,,,,,,,
EarningsPerShareBasicAndDiluted,0.000,-0.020,0.010,,,-0.010,-0.010,-0.010,-0.020,,-0.020,-0.020,,-0.010
EarningsPerShareDiluted,,,,0.010,,,,,,,,,,
GainLossOnDispositionOfAssets1,,,,,,,,,,12800.000,,,,
GainsLossesOnExtinguishmentOfDebt,,24400.000,,,,,,42400.000,,,,,,
GainsLossesOnExtinguishmentOfDebtBeforeWriteOffOfDeferredDebtIssuanceCost,,,,0.000,,,,,,,,,,
IncomeLossAttributableToNoncontrollingInterest,-52100.000,-68100.000,-97800.000,-115800.000,-159700.000,-121400.000,-151400.000,-107700.000,-155800.000,-82600.000,-56900.000,-83600.000,-530400.000,-51200.000
IncomeLossFromContinuingOperationsBeforeIncomeTaxesMinorityInterestAndIncomeLossFromEquityMethodInvestments,,,,,,,,,,31600.000,-868500.000,-873800.000,-2944900.000,-368700.000
IncomeLossFromEquityMethodInvestments,,,,,,,,,,,15700.000,,,
IncreaseDecreaseInAccountsPayable,,-220000.000,,,,,,,,,,,,174100.000
IncreaseDecreaseInAccountsPayableAndAccruedLiabilities,,,,,,-367200.000,,,,156200.000,,,,
IncreaseDecreaseInAccountsReceivable,,-276500.000,,,,921700.000,,,,380700.000,,,,243700.000
IncreaseDecreaseInAccruedLiabilities,,18900.000,,,,,,,,,,,,
IncreaseDecreaseInAccruedTaxesPayable,,34200.000,,,,5700.000,,,,5700.000,,,,5700.000
IncreaseDecreaseInBillingInExcessOfCostOfEarnings,,7900.000,,,,135000.000,,,,26900.000,,,,-134300.000
IncreaseDecreaseInCostInExcessOfBillingOnUncompletedContract,,,,,,,,,,-111400.000,,,,-13600.000
IncreaseDecreaseInDeferredRevenue,,317600.000,,,,465400.000,,,,-4600.000,,,,-47100.000
IncreaseDecreaseInOperatingCapital,,,,,,,,,,400000.000,,,,100000.000
IncreaseDecreaseInPrepaidDeferredExpenseAndOtherAssets,,82000.000,,,,59000.000,,,,-146900.000,,,,59600.000
IncreaseDecreaseInRestrictedCashForOperatingActivities,,,,,,66000.000,,,,,,,,
IncrementalCommonSharesAttributableToShareBasedPaymentArrangements,,,,4437737.000,,,,,,,,,,
InterestExpense,34600.000,23600.000,19100.000,16800.000,18300.000,17400.000,22000.000,5500.000,48400.000,47700.000,154600.000,56000.000,69400.000,427100.000
InterestPaid,,45300.000,,,,54100.000,,,,33400.000,,,,12400.000
InvestmentIncomeInterest,,,,0.000,,,,,,,,,,
LaborAndRelatedExpense,,,,,,,,,,690700.000,681500.000,445700.000,511800.000,587800.000
LicenseCosts,,,123500.000,104200.000,,128300.000,167200.000,194900.000,920800.000,103900.000,61700.000,79800.000,69600.000,57300.000
LicensesRevenue,,,78700.000,20600.000,,28000.000,43900.000,111500.000,881300.000,71600.000,56500.000,42000.000,60100.000,69300.000
LossContingencyAccrualProvision,,,,,,,,,,,,48000.000,,
NetCashProvidedByUsedInFinancingActivities,,984200.000,,,,-133900.000,,,,202500.000,,,,266400.000
NetCashProvidedByUsedInFinancingActivitiesContinuingOperations,,984200.000,,,,-133900.000,,,,202500.000,,,,266400.000
NetCashProvidedByUsedInInvestingActivities,,-790800.000,,,,-187100.000,,,,-117700.000,,,,-1300.000
NetCashProvidedByUsedInInvestingActivitiesContinuingOperations,,-790800.000,,,,-187100.000,,,,-117700.000,,,,-1300.000
NetCashProvidedByUsedInOperatingActivities,,-446400.000,,,,753700.000,,,,320900.000,,,,-155700.000
NetCashProvidedByUsedInOperatingActivitiesContinuingOperations,,-446400.000,,,,753700.000,,,,320900.000,,,,-155700.000
NetIncomeLoss,-70600.000,-1035200.000,464600.000,379500.000,-93500.000,-455900.000,-744000.000,-536800.000,-1150600.000,129400.000,-795900.000,-790200.000,-2429700.000,-368700.000
NetIncomeLossAvailableToCommonStockholdersBasic,,,,,,,,,,,,,,-368700.000
NoncashOrPartNoncashAcquisitionIntangibleAssetsAcquired1,,,,1050000.000,,,,,,,,,,
NoncashOrPartNoncashAcquisitionInvestmentsAcquired1,,,,1212000.000,,,,,,,,,,
NonoperatingIncomeExpense,-41700.000,-16000.000,13700.000,-18000.000,-18300.000,-17400.000,-19100.000,35000.000,-44000.000,-34700.000,-137800.000,-136400.000,-13900.000,-433000.000
OperatingExpenses,3179500.000,3870300.000,3922600.000,4572400.000,5620000.000,4053600.000,3855500.000,3647700.000,4472600.000,3423000.000,3292200.000,3573900.000,5727200.000,4181200.000
OperatingIncomeLoss,-81000.000,-1087300.000,353100.000,281700.000,-234900.000,-559900.000,-876300.000,-679500.000,-1268800.000,81500.000,-730700.000,-737400.000,-2946200.000,13100.000
OtherNonoperatingExpense,5300.000,15700.000,-32800.000,1200.000,-2600.000,,,,,,,,,
OtherNonoperatingIncome,,,,,,,2900.000,-1900.000,,,,,,
OtherNonoperatingIncomeExpense,,,,,,,,,,13000.000,16800.000,-32400.000,-20300.000,-5900.000
PaymentsToAcquireIntangibleAssets,,5900.000,,,,17300.000,,,,20300.000,,,,
PaymentsToAcquireMachineryAndEquipment,,,,548900.000,,,,,,,,,,
PaymentsToAcquirePropertyPlantAndEquipment,,784900.000,1533900.000,,,169800.000,,,,136700.000,,,,1300.000
ProceedsFromInsuranceSettlementInvestingActivities,,,,,,,,,,39300.000,,,,
ProceedsFromIssuanceOfCommonStock,,,,,,,,,,325000.000,,,,
ProceedsFromIssuanceOfWarrants,,776000.000,,,,,,,,300000.000,,,,
ProceedsFromShortTermDebt,,,,,,,,,,,,,,450000.000
ProceedsFromWarrantExercises,,305000.000,,,,,,,,25000.000,,,,
ProfitLoss,-122700.000,-1103300.000,366800.000,263700.000,-253200.000,-577300.000,-895400.000,-644500.000,-1306400.000,46800.000,-852800.000,-873800.000,-2960100.000,-419900.000
ProvisionForDoubtfulAccounts,,-1100.000,,,,-17100.000,,,,,,,,
RepaymentsOfDebtAndCapitalLeaseObligations,,96800.000,,,,121900.000,,,,124500.000,,,,183600.000
RepaymentsOfRelatedPartyDebt,,,,,,12000.000,,,,20000.000,,,,
ResearchAndDevelopmentExpense,31800.000,7600.000,39300.000,9600.000,220500.000,72000.000,125000.000,80900.000,213300.000,48500.000,51500.000,49100.000,43300.000,600.000
RevenueFromRelatedParties,,114000.000,114000.000,129100.000,85600.000,442700.000,,,,,,,,
Revenues,3098500.000,2783000.000,4275700.000,4854100.000,5385100.000,3493700.000,2979200.000,2968200.000,3203800.000,3504500.000,2561500.000,2836500.000,2781000.000,4194300.000
SalesRevenueGoodsNet,581200.000,520100.000,1061400.000,1192900.000,1528100.000,889000.000,941500.000,965500.000,437900.000,572800.000,1132600.000,1749100.000,1040200.000,1689000.000
SalesRevenueNet,3098500.000,2783000.000,4275700.000,4854100.000,5385100.000,3493700.000,2979200.000,2968200.000,3203800.000,3504500.000,2561500.000,2836500.000,2781000.000,4194300.000
SalesRevenueServicesNet,2517300.000,2262900.000,3135600.000,3640600.000,3847300.000,2576700.000,1993800.000,1891200.000,1884600.000,2860100.000,1372400.000,1045400.000,1680700.000,2436000.000
SellingGeneralAndAdministrativeExpense,1134900.000,1908700.000,1062800.000,1265600.000,1732100.000,1393100.000,1358800.000,1354400.000,-1071500.000,570000.000,480600.000,532200.000,776000.000,568200.000
ShareBasedCompensation,76600.000,648700.000,36700.000,75000.000,234000.000,98000.000,,,,29600.000,,,,17000.000
ShareBasedCompensationArrangementByShareBasedPaymentAwardEquityInstrumentsOtherThanOptionsGrantsInPeriodWeightedAverageGrantDateFairValue,,,,0.380,,,,,,,,,,
ShareBasedCompensationArrangementByShareBasedPaymentAwardNonOptionEquityInstrumentsExercised,,610000.000,,,,120949.000,,,,,,,,
ShareBasedCompensationArrangementByShareBasedPaymentAwardOptionsForfeituresInPeriod,,,,117000.000,,,,,,,,,,
ShareBasedCompensationArrangementByShareBasedPaymentAwardOptionsGrantsInPeriod,,,,70000.000,,,,,,,,,,
ShareBasedCompensationArrangementsByShareBasedPaymentAwardOptionsExercisesInPeriodWeightedAverageExercisePrice,,,,0.500,,,,,,,,,,
ShareBasedCompensationArrangementsByShareBasedPaymentAwardOptionsForfeituresInPeriodWeightedAverageExercisePrice,,,,0.960,,,,,,,,,,
ShareBasedCompensationArrangementsByShareBasedPaymentAwardOptionsGrantsInPeriodWeightedAverageExercisePrice,,,,1.100,,,,,,,,,,
StockIssuedDuringPeriodSharesAcquisitions,,,,1200000.000,,,,,,,,,,
StockIssuedDuringPeriodSharesConversionOfConvertibleSecurities,,,,,,,,,,,,357142.000,,
StockIssuedDuringPeriodSharesIssuedForNoncashConsideration,,,,1000000.000,,,,,,,,,,
StockIssuedDuringPeriodSharesIssuedForServices,,500000.000,,,,,,,,,,,,
StockIssuedDuringPeriodSharesStockOptionsExercised,,396934.000,,,,,,,,,,,,13496.000
StockIssuedDuringPeriodValueConversionOfConvertibleSecurities,,,,,,,,,,,,250000.000,,
StockIssuedDuringPeriodValueIssuedForServices,,550000.000,,,,,,,,,,,,
StockOptionPlanExpense,,,,45000.000,,,,,,,,,,
WeightedAverageNumberOfDilutedSharesOutstanding,,,,56553634.000,,,,52362015.000,,,,,,
WeightedAverageNumberOfShareOutstandingBasicAndDiluted,43486671.000,49348566.000,51196100.000,,,52187776.000,52362000.000,,,52593211.000,54470134.000,54525079.000,-107637115.000,54532727.000
WeightedAverageNumberOfSharesOutstandingBasic,,,,52116247.000,,,,52362015.000,,,,,,
