,2014-06-30,2014-09-30,2015-03-31,2015-06-30,2015-09-30,2015-12-31,2016-03-31,2016-06-30,2016-09-30,2016-12-31,2017-03-31
AmortizationOfAboveAndBelowMarketLeases,,,128000.000,,,,61000.000,,,,-3000.000
AmortizationOfFinancingCosts,136879.000,159670.000,169000.000,185000.000,196000.000,196000.000,221000.000,250000.000,200000.000,286000.000,323000.000
AntidilutiveSecuritiesExcludedFromComputationOfEarningsPerShareAmount,3251904.000,3251904.000,,,,,,,,,
AssetManagementCosts,186162.000,225719.000,,,,,,,,,
BusinessAcquisitionsProFormaIncomeLossFromContinuingOperationsBeforeChangesInAccountingAndExtraordinaryItemsNetOfTax,,,1373000.000,,,,-4828000.000,,,,
BusinessAcquisitionsProFormaRevenue,,,11407000.000,,,,16274000.000,,,,
BusinessCombinationAcquisitionRelatedCosts,343803.000,401200.000,209000.000,882000.000,1802000.000,66000.000,,87000.000,252000.000,,
BusinessCombinationContingentConsiderationArrangementsChangeInAmountOfContingentConsiderationLiability1,,,,,,,,,,,-2400000.000
CashAndCashEquivalentsPeriodIncreaseDecrease,,,-10877000.000,,,,60000.000,,,,36929000.000
CommonStockDividendsPerShareDeclared,0.180,0.235,0.235,0.235,0.235,0.235,0.235,0.235,0.235,0.235,0.235
DepreciationAndAmortization,3415807.000,4057809.000,4406000.000,4494000.000,5888000.000,6836000.000,6551000.000,6520000.000,7763000.000,9344000.000,10498000.000
DirectCostsOfLeasedAndRentedPropertyOrEquipment,2267612.000,2782296.000,4116000.000,4127000.000,5521000.000,6656000.000,6157000.000,6236000.000,7385000.000,8527000.000,9612000.000
DividendsCommonStock,,,3571000.000,,,,5701000.000,,,,8462000.000
DividendsPreferredStock,,,,,,,,,,,2340000.000
DividendsPreferredStockCash,,,,,,,,,,,1800000.000
EarningsPerShareBasic,,,,,,,,0.560,-0.080,,
EarningsPerShareBasicAndDiluted,-0.240,-0.220,-0.060,-0.150,-0.200,-0.120,-0.560,,,,-0.110
EarningsPerShareDiluted,,,,,,,,0.480,-0.080,,
FairValueInputsDiscountRate,,,0.080,,,,0.080,,,,
FairValueInvestmentsEntitiesThatCalculateNetAssetValuePerShareUnobservableInputUnrealizedGainsIncludedInEarnings,,,100000.000,,,,100000.000,,,,
FairValueInvestmentsEntitiesThatCalculateNetAssetValuePerShareUnobservableInputUnrealizedLossesIncludedInEarnings,,,100000.000,,,,100000.000,,,,
GainsLossesOnExtinguishmentOfDebt,-1654826.000,,,,,,,,,,
GainsLossesOnSalesOfInvestmentRealEstate,,,,,,,,15934000.000,,,
GeneralAndAdministrativeExpense,364303.000,407075.000,408000.000,495000.000,411000.000,507000.000,699000.000,929000.000,1122000.000,3679000.000,2193000.000
IncomeLossAttributableToNoncontrollingInterest,-69044.000,87296.000,121000.000,134000.000,,,,,,,
IncreaseDecreaseInAccountsPayableAndAccruedLiabilities,,,-210000.000,,,,4437000.000,,,,-1528000.000
IncreaseDecreaseInAccountsReceivable,,,1188000.000,,,,278000.000,,,,2169000.000
IncreaseDecreaseInDeferredLeasingFees,,,568000.000,,,,159000.000,,,,474000.000
IncreaseDecreaseInDeferredRevenue,,,-686000.000,,,,-569000.000,,,,-1468000.000
IncreaseDecreaseInPrepaidExpensesOther,,,-510000.000,,,,17000.000,,,,-988000.000
IncreaseDecreaseInRestrictedCash,,,-1866000.000,,,,-407000.000,,,,6622000.000
InterestExpense,1785288.000,1866999.000,2178000.000,2288000.000,2994000.000,3893000.000,3961000.000,3389000.000,3521000.000,3890000.000,4395000.000
InterestExpenseLesseeAssetsUnderCapitalLease,,,2009000.000,2103000.000,2798000.000,3697000.000,3740000.000,3139000.000,3321000.000,3604000.000,4072000.000
InterestIncomeExpenseNet,-3576993.000,-2026669.000,,,,,,,,,
InterestPaid,,,2097000.000,,,,3732000.000,,,,4114000.000
ManagementFeeExpense,185176.000,226295.000,332000.000,327000.000,322000.000,321000.000,109000.000,,,,
MinorityInterestDecreaseFromDistributionsToNoncontrollingInterestHolders,,,96000.000,,,,115000.000,,,,120000.000
NetCashProvidedByUsedInFinancingActivities,,,-2072000.000,,,,245000.000,,,,82273000.000
NetCashProvidedByUsedInFinancingActivitiesContinuingOperations,,,-2072000.000,,,,245000.000,,,,82273000.000
NetCashProvidedByUsedInInvestingActivities,,,-11476000.000,,,,-4518000.000,,,,-48303000.000
NetCashProvidedByUsedInInvestingActivitiesContinuingOperations,,,-11476000.000,,,,-4518000.000,,,,-48303000.000
NetCashProvidedByUsedInOperatingActivities,,,2671000.000,,,,4333000.000,,,,2959000.000
NetCashProvidedByUsedInOperatingActivitiesContinuingOperations,,,2671000.000,,,,4333000.000,,,,2959000.000
NetIncomeLoss,-240057.000,-2373873.000,,,-2499000.000,,-7119000.000,11527000.000,-1944000.000,-3307000.000,-1467000.000
NetIncomeLossAvailableToCommonStockholdersBasic,-1944202.000,-1767198.000,-743000.000,-1798000.000,,,,,,,-3313000.000
NoncontrollingInterestInNetIncomeLossOperatingPartnershipsRedeemable,-814127.000,-693971.000,-177000.000,-422000.000,-601000.000,-376000.000,-1739000.000,2613000.000,-3000.000,-6000.000,
NoncontrollingInterestIncreaseFromSaleOfParentEquityInterest,,,0.000,,,,,,,,
OperatingExpenses,7778781.000,9402974.000,9880000.000,10832000.000,14605000.000,15208000.000,21102000.000,14387000.000,17152000.000,20117000.000,22303000.000
OperatingIncomeLoss,614428.000,595446.000,1379000.000,802000.000,10000.000,2336000.000,-4828000.000,1705000.000,1639000.000,1187000.000,3096000.000
OperatingLeasesIncomeStatementLeaseRevenue,7714275.000,9036858.000,10040000.000,10196000.000,12601000.000,15172000.000,14072000.000,14203000.000,16644000.000,18783000.000,22314000.000
OtherIncome,176162.000,117809.000,328000.000,293000.000,313000.000,301000.000,420000.000,327000.000,342000.000,530000.000,791000.000
PaymentsOfDebtExtinguishmentCosts,,,,,,,104000.000,,,,326000.000
PaymentsOfDividendsCommonStock,,,3571000.000,,,,3663000.000,,,,9358000.000
PaymentsToAcquireRealEstate,,,10423000.000,,,,,,,,46035000.000
PaymentsToDevelopRealEstateAssets,,,485000.000,,,,4359000.000,,,,1794000.000
PaymentsToMinorityShareholders,,,96000.000,,,,115000.000,,,,120000.000
PreferredStockDividendRatePercentage,,,,,,,,,,,0.066
PreferredStockDividendsIncomeStatementImpact,,,,,,,,,,,1846000.000
PreferredStockDividendsPerShareDeclared,,,,,,,,,,,0.414
ProceedsFromIssuanceInitialPublicOffering,,,63400000.000,,,,,,,,
ProceedsFromIssuanceOfCommonStock,,,,,,,,,,,67991000.000
ProceedsFromIssuanceOfSecuredDebt,,,,,,,,,,,84100000.000
ProceedsFromLinesOfCredit,,,,,,,4000000.000,,,,
ProfitLoss,-3067430.000,,-799000.000,-2086000.000,-2984000.000,-1798000.000,-8789000.000,14250000.000,-1882000.000,-3203000.000,-1299000.000
RealEstateInsurance,169568.000,167046.000,,,,,,,,,
RealEstateTaxExpense,561208.000,753329.000,,,,,,,,,
RepaymentsOfLinesOfCredit,,,,,,,,,,,52500000.000
RepaymentsOfSecuredDebt,,,271000.000,,,,280000.000,,,,892000.000
Revenues,8393209.000,9998420.000,11259000.000,11634000.000,14615000.000,17544000.000,16274000.000,16092000.000,18791000.000,21304000.000,25399000.000
SalesRevenueNet,8217047.000,9880611.000,10931000.000,11341000.000,14302000.000,17243000.000,15854000.000,15765000.000,18449000.000,20774000.000,24608000.000
ShareBasedCompensation,285142.000,382205.000,409000.000,507000.000,487000.000,504000.000,542000.000,615000.000,630000.000,649000.000,827000.000
StockIssuedDuringPeriodSharesConversionOfUnits,,,,12500.000,,,20000.000,,,,
StockIssuedDuringPeriodSharesNewIssues,,,5800000.000,,,,,,,,
StockIssuedDuringPeriodSharesShareBasedCompensation,,,1263580.000,,,,,,,,
StockIssuedDuringPeriodValueRestrictedStockAwardGross,,,409000.000,,,,542000.000,,,,827000.000
StraightLineRent,,,83000.000,,,,1144000.000,,,,777000.000
TenantReimbursements,502772.000,843753.000,891000.000,1145000.000,1701000.000,2071000.000,1782000.000,1562000.000,1805000.000,1991000.000,2294000.000
WeightedAverageNumberOfDilutedSharesOutstanding,,,,,,,,24235000.000,23884000.000,,
WeightedAverageNumberOfLimitedPartnershipAndGeneralPartnershipUnitOutstandingBasicAndDiluted,,,2915709.000,,,,,,,,
WeightedAverageNumberOfShareOutstandingBasicAndDiluted,8057521.000,8192915.000,12279000.000,12365000.000,12473000.000,-24708000.000,12764000.000,,,,29511000.000
WeightedAverageNumberOfSharesOutstandingBasic,,,,,,,,20729000.000,23884000.000,,
