,2014-06-30,2014-09-30,2015-03-31,2015-06-30,2015-09-30,2015-12-31,2016-03-31,2016-06-30,2016-09-30
AccretionExpense,,,40000.000,,,,0.000,,
AdjustmentsToAdditionalPaidInCapitalSharebasedCompensationRequisiteServicePeriodRecognitionValue,,,432000.000,,,,233000.000,,
AmortizationOfFinancingCosts,,,139000.000,,,,56000.000,,
AssetRetirementObligationAccretionExpense,14000.000,9000.000,36000.000,40000.000,40000.000,40000.000,43000.000,40000.000,41000.000
AssetRetirementObligationLiabilitiesSettled,,,,,,,,,27000.000
CashAndCashEquivalentsPeriodIncreaseDecrease,,,-6276000.000,,,,-3335000.000,,
CostOfGoodsSoldOilAndGas,2994000.000,3088000.000,2392000.000,2500000.000,2539000.000,2543000.000,1891000.000,1240000.000,1462000.000
Depletion,1032000.000,1199000.000,,,,,,,
DepletionOfOilAndGasProperties,,,877000.000,840000.000,1032000.000,1974000.000,312000.000,312000.000,301000.000
DepreciationDepletionAndAmortization,1158000.000,1325000.000,1068000.000,1039000.000,1230000.000,2170000.000,506000.000,496000.000,479000.000
DerivativeGainLossOnDerivativeNet,-2791000.000,2027000.000,1369000.000,-980000.000,2628000.000,944000.000,155000.000,-437000.000,132000.000
DilutiveSecurities,0.000,,,,,,,,
EarningsPerShareBasicAndDiluted,-0.200,-0.010,-0.090,-0.150,-0.040,-0.860,-0.110,-0.100,-0.080
FairValueAdjustmentOfWarrants,0.000,0.000,0.000,0.000,0.000,0.000,,,
GainLossOnSaleOfPropertyPlantEquipment,,,223000.000,,,,,,
IncomeLossFromContinuingOperationsBeforeIncomeTaxesExtraordinaryItemsNoncontrollingInterest,-5918000.000,-305000.000,-2967000.000,-5104000.000,-1300000.000,-27066000.000,-3401000.000,-3253000.000,-2477000.000
IncomeTaxExpenseBenefit,142000.000,51000.000,17000.000,-188000.000,3000.000,-14000.000,0.000,-6000.000,0.000
IncreaseDecreaseInAccountsPayable,,,-1658000.000,,,,-441000.000,,
IncreaseDecreaseInAccountsReceivable,,,-92000.000,,,,-521000.000,,
IncreaseDecreaseInAccruedLiabilities,,,-457000.000,,,,-445000.000,,
IncreaseDecreaseInDeferredRevenue,,,-308000.000,,,,0.000,,
IncreaseDecreaseInPrepaidExpense,,,133000.000,,,,71000.000,,
InterestExpense,1257000.000,705000.000,715000.000,530000.000,483000.000,441000.000,343000.000,392000.000,390000.000
InterestPaid,,,823000.000,,,,517000.000,,
LeaseAndRentalExpense,73000.000,74000.000,71000.000,120000.000,90000.000,59000.000,90000.000,90000.000,88000.000
LiabilitiesAssumed1,,,0.000,,,,,,
NetCashProvidedByUsedInFinancingActivities,,,-1924000.000,,,,-321000.000,,
NetCashProvidedByUsedInFinancingActivitiesContinuingOperations,,,-1924000.000,,,,-321000.000,,
NetCashProvidedByUsedInInvestingActivities,,,-424000.000,,,,-979000.000,,
NetCashProvidedByUsedInInvestingActivitiesContinuingOperations,,,-424000.000,,,,-979000.000,,
NetCashProvidedByUsedInOperatingActivities,,,-3928000.000,,,,-2035000.000,,
NetCashProvidedByUsedInOperatingActivitiesContinuingOperations,,,-3928000.000,,,,-2035000.000,,
NetIncomeLoss,-6060000.000,-356000.000,-2984000.000,-4916000.000,-1303000.000,-27052000.000,-3401000.000,-3247000.000,-2477000.000
NonoperatingIncomeExpense,-4038000.000,1328000.000,639000.000,-1500000.000,2567000.000,531000.000,-177000.000,-827000.000,-259000.000
OilAndGasSalesRevenue,3644000.000,4103000.000,2000000.000,2136000.000,1738000.000,1523000.000,1024000.000,1163000.000,1119000.000
OperatingExpenses,7436000.000,7091000.000,6173000.000,6236000.000,5886000.000,29381000.000,4422000.000,3661000.000,3337000.000
OperatingIncomeLoss,-1880000.000,-1633000.000,-3606000.000,-3604000.000,-3867000.000,-27597000.000,-3224000.000,-2426000.000,-2218000.000
OtherNonoperatingIncomeExpense,10000.000,6000.000,-15000.000,10000.000,422000.000,28000.000,11000.000,2000.000,-1000.000
PaymentsOfDebtIssuanceCosts,,,0.000,,,,,,
PaymentsOfFinancingCosts,,,,,,,125000.000,,
PaymentsOfStockIssuanceCosts,,,0.000,,,,,,
PaymentsToAcquireOilAndGasProperty,,,204000.000,,,,963000.000,,
PaymentsToAcquireOtherPropertyPlantAndEquipment,,,220000.000,,,,16000.000,,
PaymentsToAcquireProductiveAssets,,,,,,,979000.000,,
ProFormaWeightedAverageSharesOutstandingDiluted,29642000.000,,,,,,,,
ProceedsFromIssuanceOfCommonStock,,,0.000,,,,,,
ProceedsFromIssuanceOfSharesUnderIncentiveAndShareBasedCompensationPlansIncludingStockOptions,,,0.000,,,,,,
ProceedsFromStockOptionsExercised,,,130000.000,,,,0.000,,
ProvisionForDoubtfulAccounts,,,36000.000,,,,0.000,,
RepaymentsOfLongTermDebt,,,2054000.000,,,,196000.000,,
Revenues,5556000.000,5458000.000,2567000.000,2632000.000,2019000.000,1784000.000,1198000.000,1235000.000,1119000.000
SalesRevenueNet,5556000.000,5458000.000,2567000.000,2632000.000,2019000.000,1784000.000,1198000.000,1235000.000,1119000.000
SalesRevenueServicesNet,1912000.000,1355000.000,567000.000,496000.000,281000.000,261000.000,174000.000,72000.000,0.000
SellingGeneralAndAdministrativeExpense,1370000.000,1572000.000,1718000.000,1534000.000,1297000.000,1335000.000,1418000.000,1403000.000,812000.000
ShareBasedCompensation,,,432000.000,,,,233000.000,,
ShareBasedCompensationArrangementByShareBasedPaymentAwardOptionsExercisesInPeriodTotalIntrinsicValue,0.000,40000.000,,,,,,,
ShareBasedCompensationArrangementByShareBasedPaymentAwardOptionsForfeituresAndExpirationsInPeriod,,,806.000,,,,61864.000,,
ShareBasedCompensationArrangementByShareBasedPaymentAwardOptionsForfeituresAndExpirationsInPeriodWeightedAverageExercisePrice,,,1.160,,,,2.860,,
ShareBasedCompensationArrangementByShareBasedPaymentAwardOptionsGrantsInPeriodGross,,,318234.000,0.000,0.000,606000.000,0.000,0.000,35000.000
ShareBasedCompensationArrangementByShareBasedPaymentAwardOptionsGrantsInPeriodWeightedAverageGrantDateFairValue,,,2.400,,,,,,
ShareBasedCompensationArrangementsByShareBasedPaymentAwardOptionsExercisesInPeriodWeightedAverageExercisePrice,,,0.640,,,,,,
ShareBasedCompensationArrangementsByShareBasedPaymentAwardOptionsGrantsInPeriodWeightedAverageExercisePrice,,,3.100,,,,,,
SharebasedCompensationArrangementBySharebasedPaymentAwardOptionsVestedInPeriodFairValue1,80000.000,77000.000,60000.000,95000.000,54000.000,40000.000,127000.000,33000.000,27000.000
StockIssuedDuringPeriodSharesStockOptionsExercised,,,203515.000,,,,0.000,,
StockIssuedDuringPeriodValueStockOptionsExercised,,,130000.000,,,,,,
UnrealizedGainLossOnCommodityContracts,,,,,,,-1007000.000,,
UnrecognizedTaxBenefitsIncomeTaxPenaltiesAndInterestExpense,,,,0.000,0.000,,,,
WeightedAverageBasicSharesOutstandingProForma,29642000.000,,,,,,,,
WeightedAverageNumberDilutedSharesOutstandingAdjustment,,0.000,0.000,0.000,0.000,,0.000,0.000,0.000
WeightedAverageNumberOfDilutedSharesOutstanding,,31475000.000,31563000.000,31803000.000,31845000.000,-63442000.000,31940000.000,32050000.000,32116000.000
WeightedAverageNumberOfShareOutstandingBasicAndDiluted,29642000.000,31475000.000,31563000.000,31803000.000,31845000.000,-63442000.000,31940000.000,32050000.000,32116000.000
WeightedAverageNumberOfSharesOutstandingBasic,,31475000.000,31563000.000,31803000.000,31845000.000,-63442000.000,31940000.000,32050000.000,32116000.000
