,2015-03-31,2015-06-30,2015-09-30,2015-12-31,2016-03-31,2016-06-30,2016-09-30,2016-12-31,2017-03-31
AmortizationOfIntangibleAssets,,600000.000,600000.000,,,,,,
AntidilutiveSecuritiesExcludedFromComputationOfEarningsPerShareAmount,,,,,0.000,,,,
CapitalExpendituresIncurredButNotYetPaid,103200000.000,,,,14900000.000,,,,16200000.000
CashAndCashEquivalentsPeriodIncreaseDecrease,-136600000.000,,,,400000.000,,,,51500000.000
ComprehensiveIncomeNetOfTax,,,,,,,,,51700000.000
ComprehensiveIncomeNetOfTaxAttributableToNoncontrollingInterest,,,,,,,,,2100000.000
ComprehensiveIncomeNetOfTaxIncludingPortionAttributableToNoncontrollingInterest,,,,,,,,,53800000.000
CostsAndExpenses,26800000.000,58200000.000,54400000.000,38600000.000,38200000.000,37100000.000,37300000.000,111600000.000,77500000.000
DeferredIncomeTaxExpenseBenefit,0.000,,,,0.000,,,,
DepreciationAndAmortization,9300000.000,9900000.000,9900000.000,11300000.000,10000000.000,10200000.000,10400000.000,26000000.000,24900000.000
DepreciationDepletionAndAmortization,9300000.000,,,,10000000.000,,,,24900000.000
DistributedEarnings,11200000.000,12900000.000,15500000.000,17700000.000,17800000.000,19000000.000,20200000.000,31600000.000,30100000.000
EffectiveIncomeTaxRateContinuingOperations,,,,,0.000,,,,
EffectiveIncomeTaxRateReconciliationAtFederalStatutoryIncomeTaxRate,,,,,0.350,,,,
EffectiveIncomeTaxRateReconciliationStateAndLocalIncomeTaxes,,,,,0.000,,,,
EffectiveIncomeTaxRateReconciliationTaxExemptIncome,,,,,0.350,,,,
GasGatheringTransportationMarketingAndProcessingRevenue,63900000.000,78900000.000,78100000.000,89500000.000,79100000.000,81600000.000,81000000.000,158500000.000,124600000.000
IncentiveDistributionDistributionPerYear,0.000,0.000,0.000,,,,,,
IncomeLossAttributableToNoncontrollingInterest,28700000.000,29600000.000,30800000.000,32600000.000,28700000.000,30600000.000,29100000.000,29400000.000,2100000.000
IncomeLossFromContinuingOperationsBeforeIncomeTaxesExtraordinaryItemsNoncontrollingInterest,40500000.000,47200000.000,48800000.000,62100000.000,51800000.000,53100000.000,53400000.000,77700000.000,
IncomeLossFromEquityMethodInvestments,,,,,6400000.000,3700000.000,4700000.000,8200000.000,8000000.000
IncomeLossIncludingPortionAttributableToNoncontrollingInterest,40500000.000,47200000.000,48800000.000,60000000.000,51800000.000,53100000.000,53400000.000,71400000.000,54300000.000
IncomeTaxExpenseBenefit,0.000,0.000,0.000,2100000.000,0.000,0.000,0.000,6300000.000,
IncreaseDecreaseInAccountsAndOtherReceivables,,,,,-1100000.000,,,,-14200000.000
IncreaseDecreaseInAccountsPayable,-500000.000,,,,1800000.000,,,,4600000.000
IncreaseDecreaseInAccountsPayableRelatedParties,0.000,,,,3400000.000,,,,-1400000.000
IncreaseDecreaseInAccountsReceivable,2800000.000,,,,,,,,
IncreaseDecreaseInAccruedLiabilities,,,,,,,,,2100000.000
IncreaseDecreaseInDueFromAffiliatesCurrent,0.000,,,,,,,,-5600000.000
IncreaseDecreaseInOtherOperatingCapitalNet,3400000.000,,,,400000.000,,,,-6000000.000
IncreaseDecreaseInPrepaidExpense,-3600000.000,,,,-5000000.000,,,,-1800000.000
InterestAndDebtExpense,,200000.000,100000.000,,-100000.000,0.000,-100000.000,7500000.000,
InterestIncomeExpenseNonoperatingNet,,,,,,,,,-7700000.000
NetCashProvidedByUsedInFinancingActivities,-8900000.000,,,,231700000.000,,,,303000000.000
NetCashProvidedByUsedInFinancingActivitiesContinuingOperations,-8900000.000,,,,231700000.000,,,,303000000.000
NetCashProvidedByUsedInInvestingActivities,-174000000.000,,,,-299800000.000,,,,-361800000.000
NetCashProvidedByUsedInInvestingActivitiesContinuingOperations,-174000000.000,,,,-299800000.000,,,,-361800000.000
NetCashProvidedByUsedInOperatingActivities,46300000.000,,,,68500000.000,,,,110300000.000
NetCashProvidedByUsedInOperatingActivitiesContinuingOperations,46300000.000,,,,68500000.000,,,,110300000.000
NetIncomeLoss,,17600000.000,18000000.000,,23100000.000,22500000.000,24300000.000,36500000.000,52200000.000
NetIncomeLossAllocatedToGeneralPartners,,-700000.000,0.000,,400000.000,-100000.000,-300000.000,-1600000.000,-200000.000
NetIncomeLossAllocatedToLimitedPartners,11800000.000,,,,,,,,9500000.000
OperatingIncomeLoss,40400000.000,47200000.000,48700000.000,55300000.000,44800000.000,48500000.000,47700000.000,76100000.000,52700000.000
OtherComprehensiveIncomeLossDerivativesQualifyingAsHedgesNetOfTax,,,,,,,,,-500000.000
OtherComprehensiveIncomeLossNetOfTax,,,,,,,,,-500000.000
OtherNoncashIncomeExpense,,,,,1100000.000,,,,1800000.000
OtherNonoperatingIncome,100000.000,200000.000,200000.000,500000.000,500000.000,900000.000,900000.000,900000.000,1300000.000
OtherSalesRevenueNet,3300000.000,26500000.000,25000000.000,4400000.000,3900000.000,4000000.000,4000000.000,22800000.000,5300000.000
PartnersCapitalAccountContributions,,,,,244900000.000,,,,329400000.000
PartnersCapitalAccountDistributions,8900000.000,,,,16800000.000,,,,30700000.000
PartnersCapitalAccountTreasuryUnitsPurchases,,,,,0.000,,,,
PartnersCapitalAccountUnitBasedCompensation,,,,,100000.000,,,,100000.000
PartnersCapitalAccountUnitsTreasury,,,,,0.000,,,,
PartnersCapitalAccountUnitsUnitbasedCompensation,,,,,7761.000,,,,10444.000
PartnersCapitalOther,,,,,,,,,400000.000
PaymentsForProceedsFromOtherInvestingActivities,300000.000,,,,100000.000,,,,700000.000
PaymentsToAcquirePropertyPlantAndEquipment,173700000.000,,,,299700000.000,,,,361100000.000
ProceedsFromContributionsFromAffiliates,0.000,,,,244900000.000,,,,329200000.000
ProceedsFromIncomeTaxRefunds,0.000,,,,,,,,
ProceedsFromPaymentsForOtherFinancingActivities,,,,,0.000,,,,-200000.000
ProfitLoss,40500000.000,,,,,,,,
RegulatedOperatingRevenueGas,,,,,,,,,300000.000
Revenues,67200000.000,105400000.000,103100000.000,93900000.000,83000000.000,85600000.000,85000000.000,187700000.000,130200000.000
SalesRevenueNet,67200000.000,105400000.000,103100000.000,93900000.000,83000000.000,85600000.000,85000000.000,187700000.000,130200000.000
TaxesExcludingIncomeAndExciseTaxes,5100000.000,6800000.000,7300000.000,7100000.000,7300000.000,6800000.000,7600000.000,8900000.000,9300000.000
UndistributedEarnings,600000.000,,,,,,,,
