,2015-03-31,2015-06-30,2015-09-30,2015-12-31,2016-03-31,2016-06-30,2016-09-30,2016-12-31,2017-03-31
AdjustmentsToAdditionalPaidInCapitalSharebasedCompensationRequisiteServicePeriodRecognitionValue,,,,,,,,,1356000.000
AmortizationOfDebtDiscountPremium,2500.000,,,,,,,,
AmortizationOfFinancingCosts,,,,,,,,,13000.000
AntidilutiveSecuritiesExcludedFromComputationOfEarningsPerShareAmount,1500000.000,,,,1500000.000,,2371420.000,,4520952.000
CapitalExpendituresIncurredButNotYetPaid,,,,,,,,,0.000
CashAndCashEquivalentsPeriodIncreaseDecrease,,,,,,,,,41318000.000
CashPeriodIncreaseDecrease,-8081.000,,,,-19462.000,,,,
CostOfGoodsSold,64.000,236.000,42.000,107.000,79.000,3160000.000,3132000.000,6313921.000,2878000.000
DepreciationDepletionAndAmortization,,,,,,400000.000,400000.000,,
DerivativeGainLossOnDerivativeNet,,,,,,-42000.000,-27000.000,,198000.000
EarningsPerShareBasicAndDiluted,-0.002,-0.000,-0.000,0.002,-0.000,-1.090,-0.720,-3.070,-6.920
EffectiveIncomeTaxRateContinuingOperations,0.340,,,,0.340,,,,
GainLossOnSaleOfPropertyPlantEquipment,,,,,,,,,66000.000
GrossProfit,136.000,844.000,158.000,373.000,151.000,1725000.000,1728000.000,3490849.000,1733000.000
IncomeLossFromContinuingOperationsBeforeIncomeTaxesExtraordinaryItemsNoncontrollingInterest,,,,,,-10466000.000,-9157000.000,,-11806000.000
IncomeTaxExpenseBenefit,,,,,,0.000,0.000,,0.000
IncreaseDecreaseInAccountsPayable,-10514.000,,,,7756.000,,,,507000.000
IncreaseDecreaseInAccountsReceivable,,,,,,,,,157000.000
IncreaseDecreaseInAccruedLiabilities,,,,,,,,,-950000.000
IncreaseDecreaseInDeferredCharges,,,,,,,,,52000.000
IncreaseDecreaseInDeferredLiabilities,,,,,,,,,-19000.000
IncreaseDecreaseInDeferredRevenue,,,,,,,,,161000.000
IncreaseDecreaseInDueToRelatedParties,15000.000,,,,15000.000,,,,
IncreaseDecreaseInInterestPayableNet,210.000,,,,-1491.000,,,,
IncreaseDecreaseInInventories,36.000,,,,72.000,,,,-998000.000
IncreaseDecreaseInOtherReceivables,,,,,,,,,276000.000
IncreaseDecreaseInPrepaidDeferredExpenseAndOtherAssets,,,,,,,,,-284000.000
IncreaseDecreaseInRestructuringReserve,,,,,,,,,0.000
InterestExpense,-2710.000,2860.000,2164.000,16015.000,715.000,2421000.000,1596000.000,,1584000.000
InterestExpenseDebt,189.000,,,,128.000,,,,
InterestExpenseOther,,,,,523.000,,,,
InterestPaid,,,,,1030.000,,,,
InventoryWriteDown,,,,,,,,,111000.000
LeaseAndRentalExpense,,,,,,400000.000,300000.000,,600000.000
ManagementFeeExpense,15000.000,,,,15000.000,,,,
MarketingAndAdvertisingExpense,0.000,,,,0.000,,,,
NetCashProvidedByUsedInFinancingActivities,5000.000,,,,-11100.000,,,,49273000.000
NetCashProvidedByUsedInFinancingActivitiesContinuingOperations,5000.000,,,,-11100.000,,,,49273000.000
NetCashProvidedByUsedInInvestingActivities,,,,,,,,,23000.000
NetCashProvidedByUsedInInvestingActivitiesContinuingOperations,,,,,,,,,23000.000
NetCashProvidedByUsedInOperatingActivities,-13081.000,,,,-8362.000,,,,-7978000.000
NetCashProvidedByUsedInOperatingActivitiesContinuingOperations,-13081.000,,,,-8362.000,,,,-7978000.000
NetIncomeLoss,-20313.000,-22476.000,-20316.000,-40706.000,-29699.000,-10466000.000,-9157000.000,-26714301.000,-11806000.000
NetIncomeLossAvailableToCommonStockholdersBasic,,,,,,,,,-11854000.000
NonoperatingIncomeExpense,,,,,,-2463000.000,-1502000.000,,-1504000.000
OperatingExpenses,,,,,,9728000.000,9383000.000,,12035000.000
OperatingIncomeLoss,-17603.000,-19616.000,-18152.000,-30111.000,-28984.000,-8003000.000,-7655000.000,-18086016.000,-10302000.000
OtherNonoperatingExpense,,,,,,,,,184000.000
OtherNonoperatingIncome,,,,,,,121000.000,,66000.000
OtherSellingGeneralAndAdministrativeExpense,-17739.000,20460.000,18310.000,65962.000,29135.000,,,,
PaidInKindInterest,,,,,,,,,1571000.000
PaymentsForRestructuring,,,,,,,,,324000.000
PaymentsOfDebtRestructuringCosts,,,,,,,,,35000.000
PaymentsToAcquirePropertyPlantAndEquipment,,,,,,,,,43000.000
PreferredStockDividendsIncomeStatementImpact,,,,,,,,,48000.000
ProceedsFromIssuanceOfCommonStock,,,,,,,,,49308000.000
ProceedsFromIssuanceOfPreferredStockAndPreferenceStock,,,,,,,,,0.000
ProceedsFromNotesPayable,5000.000,,,,,,,,
ProceedsFromSaleOfPropertyPlantAndEquipment,,,,,,,,,66000.000
ProceedsFromWarrantExercises,,,,,,,,,0.000
RepaymentsOfLongTermCapitalLeaseObligations,,,,,,,,,0.000
RepaymentsOfShortTermDebt,,,,,11100.000,,,,
ResearchAndDevelopmentExpense,,,,,,1186000.000,1188000.000,,1588000.000
RestructuringCharges,,,,,,401000.000,198000.000,,0.000
Revenues,200.000,1080.000,200.000,480.000,230.000,4885000.000,4860000.000,,4611000.000
SalesRevenueNet,200.000,1080.000,200.000,480.000,230.000,4885000.000,4860000.000,,4611000.000
SellingGeneralAndAdministrativeExpense,,,,,,8141000.000,7997000.000,,10447000.000
ShareBasedCompensation,,,,,,,,,1429000.000
ShareBasedCompensationArrangementByShareBasedPaymentAwardFairValueAssumptionsExpectedDividendRate,,,,,,,,,0.000
ShareBasedCompensationArrangementByShareBasedPaymentAwardFairValueAssumptionsExpectedVolatilityRate,,,,,,,,,0.690
ShareBasedCompensationArrangementByShareBasedPaymentAwardFairValueAssumptionsRiskFreeInterestRate,,,,,,,,,0.021
SharebasedCompensationArrangementBySharebasedPaymentAwardCompensationCost1,,,,,,,,,1400000.000
StockIssuedDuringPeriodValueNewIssues,,,,,,,,,27398000.000
StockIssuedDuringPeriodValueShareBasedCompensation,,,,,,,,,73000.000
StockOptionPlanExpense,,,,,,1900000.000,900000.000,,
ValuationAllowanceDeferredTaxAssetChangeInAmount,6910.000,,,,10100.000,,,,
WeightedAverageNumberOfShareOutstandingBasicAndDiluted,10000000.000,10006159.000,10078620.000,-20043372.000,10247000.000,9561826.000,12679521.000,-22991509.000,1706036.000
WriteOffOfDeferredDebtIssuanceCost,,,,,,,,,107000.000
