,2015-03-31,2015-06-30,2015-09-30,2015-12-31,2016-03-31,2016-06-30,2016-09-30,2016-12-31,2017-03-31
AmortizationOfDeferredCharges,241000.000,,,,197000.000,,,,215000.000
AssetRetirementObligationAccretionExpense,271000.000,269000.000,265000.000,270000.000,274000.000,200000.000,206000.000,212000.000,247000.000
AssetRetirementObligationLiabilitiesIncurred,27000.000,,,,167000.000,,,,45000.000
AssetRetirementObligationLiabilitiesSettled,58000.000,,,,54000.000,,,,43000.000
AssetRetirementObligationRevisionOfEstimate,,,,,,,,,0.000
CashAndCashEquivalentsPeriodIncreaseDecrease,-6435000.000,,,,-8220000.000,,,,4233000.000
ConversionOfStockAmountConverted1,-39223000.000,,,,,,,,
DepreciationDepletionAndAmortization,27891000.000,32235000.000,23288000.000,20884000.000,21721000.000,29202000.000,28731000.000,22833000.000,26379000.000
DistributionMadeToLimitedPartnerCashDistributionsPaid,56483000.000,,,,,,,,
Dividends,,,,,42897000.000,,,,
DividendsPreferredStock,2909000.000,,,,1804000.000,,,,1114000.000
ExplorationExpense,,,1817000.000,,8000.000,629000.000,6000.000,2000.000,562000.000
GainLossOnDerivativeInstrumentsNetPretax,19647000.000,-18627000.000,56430000.000,32838000.000,10626000.000,-30733000.000,7813000.000,-24170000.000,22725000.000
GainLossOnSaleOfPropertyPlantEquipment,7000.000,17000.000,-4000.000,4853000.000,4680000.000,92000.000,0.000,21000.000,924000.000
GeneralAndAdministrativeExpense,14818000.000,19718000.000,18994000.000,23645000.000,17401000.000,18134000.000,16677000.000,20927000.000,17212000.000
ImpairmentOfOilAndGasProperties,13467000.000,118362000.000,24854000.000,92886000.000,6096000.000,679000.000,0.000,0.000,0.000
IncomeLossAttributableToNoncontrollingInterest,9000.000,-140000.000,3000.000,-1132000.000,2000.000,-9000.000,-8000.000,27000.000,9000.000
IncreaseDecreaseInAccountsPayableAndAccruedLiabilities,-6620000.000,,,,-20814000.000,,,,-2739000.000
IncreaseDecreaseInAccountsReceivable,-23298000.000,,,,3039000.000,,,,6568000.000
IncreaseDecreaseInAssetRetirementObligations,-58000.000,,,,-54000.000,,,,-43000.000
IncreaseDecreaseInDeferredRevenue,-104000.000,,,,-203000.000,,,,-325000.000
IncreaseDecreaseInPrepaidDeferredExpenseAndOtherAssets,365000.000,,,,196000.000,,,,85000.000
InterestExpense,2945000.000,1715000.000,870000.000,888000.000,1048000.000,1443000.000,2282000.000,2774000.000,3507000.000
InterestPaid,2664000.000,,,,829000.000,,,,3156000.000
InvestmentIncomeInterest,1000.000,27000.000,18000.000,12000.000,153000.000,38000.000,460000.000,5000.000,6000.000
LeaseOperatingExpense,,,4924000.000,,4889000.000,4283000.000,5007000.000,4576000.000,4189000.000
MinorityInterestDecreaseFromDistributionsToNoncontrollingInterestHolders,,,,,,,,,45429000.000
NaturalGasProductionRevenue,31640000.000,28968000.000,32191000.000,23219000.000,25112000.000,21607000.000,38986000.000,37131000.000,47701000.000
NetCashProvidedByUsedInFinancingActivities,-67588000.000,,,,956000.000,,,,4365000.000
NetCashProvidedByUsedInFinancingActivitiesContinuingOperations,-67588000.000,,,,956000.000,,,,4365000.000
NetCashProvidedByUsedInInvestingActivities,-13206000.000,,,,-35082000.000,,,,-64086000.000
NetCashProvidedByUsedInInvestingActivitiesContinuingOperations,-13206000.000,,,,-35082000.000,,,,-64086000.000
NetCashProvidedByUsedInOperatingActivities,74359000.000,,,,25906000.000,,,,63954000.000
NetCashProvidedByUsedInOperatingActivitiesContinuingOperations,74359000.000,,,,25906000.000,,,,63954000.000
NetIncomeLossAllocatedToGeneralPartners,,,,,,,0.000,,0.000
NetIncomeLossAllocatedToLimitedPartners,14381000.000,,,,,,,,
NetIncomeLossAvailableToCommonStockholdersBasic,14381000.000,-107587000.000,50916000.000,-65727000.000,8943000.000,-22111000.000,36219000.000,-8614000.000,60460000.000
NoncashOrPartNoncashAcquisitionFixedAssetsAcquired1,15512000.000,,,,,,,,
NonoperatingIncomeExpense,-2894000.000,-1542000.000,-807000.000,-207000.000,-861000.000,-1332000.000,-1781000.000,-3307000.000,-3432000.000
OilAndCondensateRevenue,36163000.000,46293000.000,44128000.000,36954000.000,27248000.000,34553000.000,42780000.000,37801000.000,40474000.000
OperatingExpenses,70868000.000,186027000.000,82321000.000,149563000.000,52771000.000,60047000.000,59855000.000,60691000.000,59567000.000
OperatingIncomeLoss,20193000.000,-121224000.000,54699000.000,-49523000.000,11610000.000,-19478000.000,39316000.000,-3979000.000,65015000.000
OtherNonoperatingIncome,50000.000,146000.000,45000.000,669000.000,34000.000,73000.000,41000.000,,69000.000
PartnersCapitalAccountAcquisitions,,,,,,,,,12199000.000
PartnersCapitalAccountDistributions,56302000.000,,,,,,,,
PartnersCapitalAccountExchangesAndConversions,39223000.000,,,,6064000.000,,,,6624000.000
PartnersCapitalAccountTreasuryUnitsPurchases,523000.000,,,,4201000.000,,,,7845000.000
PartnersCapitalAccountUnitBasedCompensation,1243000.000,,,,5900000.000,,,,16518000.000
PaymentsForRepurchaseOfCommonStock,523000.000,,,,,,,,
PaymentsOfDividendsMinorityInterest,,,,,33000.000,,,,25000.000
PaymentsOfDividendsPreferredStockAndPreferenceStock,3962000.000,,,,,,,,
PaymentsOfStockIssuanceCosts,1620000.000,,,,,,,,
PaymentsToAcquireFurnitureAndFixtures,,,,,5000.000,,,,93000.000
PaymentsToAcquireOilAndGasProperty,,,,,10000000.000,,,,48371000.000
PaymentsToExploreAndDevelopOilAndGasProperties,13612000.000,,,,25110000.000,,,,17615000.000
PreferredStockDividendsIncomeStatementImpact,2909000.000,1810000.000,2973000.000,-170000.000,,,,,
ProceedsFromLinesOfCredit,,,,,61000000.000,,,,103000000.000
ProceedsFromRepaymentsOfLinesOfCredit,-5000000.000,,,,-11000000.000,,,,-31000000.000
ProceedsFromSaleOfOilAndGasPropertyAndEquipment,406000.000,,,,33000.000,,,,1993000.000
ProductionTaxExpense,8256000.000,9819000.000,8175000.000,9517000.000,7062000.000,7012000.000,9228000.000,12162000.000,11902000.000
ProfitLoss,17299000.000,-122766000.000,53892000.000,-49730000.000,10749000.000,-20810000.000,37535000.000,-7286000.000,61583000.000
RedeemablePreferredStockDividends,,,,,1804000.000,1310000.000,1324000.000,1325000.000,1114000.000
Revenues,91061000.000,64803000.000,137020000.000,100040000.000,64381000.000,40569000.000,99171000.000,56712000.000,124582000.000
SalesRevenueNet,91061000.000,64803000.000,137020000.000,100040000.000,64381000.000,40569000.000,99171000.000,56712000.000,124582000.000
ShareBasedCompensation,1243000.000,,,,5900000.000,,,,4661000.000
