,2011-05-01,2011-07-31,2011-10-30,2012-01-29,2012-04-29,2012-07-29,2012-10-28,2013-05-05,2013-08-04,2013-11-03,2014-02-02,2014-05-04,2014-08-03,2014-11-02,2015-02-01,2015-05-03,2015-08-02,2015-11-01,2016-01-31,2016-05-01,2016-07-31,2016-10-30,2017-01-29,2017-04-30
AntidilutiveSecuritiesExcludedFromComputationOfEarningsPerShareAmount,21000000.000,30000000.000,,,,,,,,,,,,,,,,,,,,,,
CashAndCashEquivalentsPeriodIncreaseDecrease,1250000000.000,,,,1186000000.000,,,1832000000.000,,,,582000000.000,,,,1086000000.000,,,,977000000.000,,,,1038000000.000
CommonStockDividendsPerShareDeclared,0.250,0.250,0.290,,0.290,0.290,0.290,0.390,0.390,0.390,,0.470,0.470,0.470,,0.590,0.590,0.590,,0.690,0.690,0.690,,0.890
ComprehensiveIncomeNetOfTax,980000000.000,1353000000.000,693000000.000,,1195000000.000,1394000000.000,1043000000.000,1262000000.000,1643000000.000,1324000000.000,805000000.000,1421000000.000,2053000000.000,1428000000.000,945000000.000,1704000000.000,1979000000.000,1645000000.000,1235000000.000,2123000000.000,2241000000.000,1864000000.000,1760000000.000,1958000000.000
CostOfRevenue,10995000000.000,13356000000.000,11365000000.000,10417000000.000,11625000000.000,13544000000.000,11863000000.000,12445000000.000,14801000000.000,12672000000.000,11504000000.000,12802000000.000,15650000000.000,13331000000.000,12439000000.000,13712000000.000,16464000000.000,14254000000.000,13824000000.000,14971000000.000,17545000000.000,15112000000.000,14654000000.000,15733000000.000
DebtInstrumentRedemptionPricePercentage,,,,,,,,,,,,,,,,,,,,1.000,,,,
DepreciationAndAmortization,397000000.000,396000000.000,390000000.000,390000000.000,383000000.000,391000000.000,395000000.000,402000000.000,409000000.000,409000000.000,407000000.000,414000000.000,415000000.000,415000000.000,407000000.000,419000000.000,419000000.000,423000000.000,429000000.000,433000000.000,436000000.000,442000000.000,443000000.000,444000000.000
DepreciationDepletionAndAmortization,424000000.000,,,,410000000.000,,,435000000.000,,,,447000000.000,,,,454000000.000,,,,486000000.000,,,,505000000.000
EarningsPerShareBasic,0.510,0.870,0.610,0.500,0.680,1.020,0.640,0.840,1.250,0.960,0.730,1.010,1.520,1.160,1.050,1.220,1.740,1.360,1.170,1.450,1.980,1.610,1.430,1.680
EarningsPerShareDiluted,0.500,0.860,0.600,0.510,0.680,1.010,0.630,0.830,1.240,0.950,0.740,1.000,1.520,1.150,1.040,1.210,1.730,1.350,1.170,1.440,1.970,1.600,1.440,1.670
EffectOfExchangeRateOnCashAndCashEquivalents,11000000.000,,,,18000000.000,,,11000000.000,,,,0.000,,,,18000000.000,,,,64000000.000,,,,-11000000.000
FairValueOptionChangesInFairValueGainLoss,,,,,0.000,,,,,,,,,,,,,,,,,,,
GrossProfit,5828000000.000,6876000000.000,5961000000.000,5597000000.000,6183000000.000,7026000000.000,6267000000.000,6679000000.000,7721000000.000,6798000000.000,6192000000.000,6885000000.000,8161000000.000,7185000000.000,6723000000.000,7179000000.000,8365000000.000,7565000000.000,7156000000.000,7791000000.000,8927000000.000,8042000000.000,7553000000.000,8154000000.000
IncomeLossFromContinuingOperationsBeforeIncomeTaxesExtraordinaryItemsNoncontrollingInterest,,,1457000000.000,,,,,,,,,,,,,,,,,,,,,
IncomeLossFromContinuingOperationsBeforeIncomeTaxesMinorityInterestAndIncomeLossFromEquityMethodInvestments,1283000000.000,2148000000.000,,,1630000000.000,2418000000.000,1583000000.000,1933000000.000,2846000000.000,2105000000.000,1583000000.000,2186000000.000,3257000000.000,2440000000.000,2093000000.000,2404000000.000,3563000000.000,2741000000.000,2313000000.000,2840000000.000,3875000000.000,3084000000.000,2692000000.000,3108000000.000
IncomeTaxExpenseBenefit,471000000.000,785000000.000,523000000.000,406000000.000,595000000.000,886000000.000,636000000.000,707000000.000,1051000000.000,754000000.000,570000000.000,807000000.000,1207000000.000,903000000.000,714000000.000,825000000.000,1329000000.000,1016000000.000,842000000.000,1037000000.000,1434000000.000,1115000000.000,948000000.000,1094000000.000
IncreaseDecreaseInAccountsPayableAndAccruedLiabilities,1755000000.000,,,,2097000000.000,,,1797000000.000,,,,1702000000.000,,,,2128000000.000,,,,1828000000.000,,,,2062000000.000
IncreaseDecreaseInAccruedIncomeTaxesPayable,399000000.000,,,,462000000.000,,,576000000.000,,,,622000000.000,,,,704000000.000,,,,844000000.000,,,,877000000.000
IncreaseDecreaseInDeferredIncomeTaxes,-8000000.000,,,,15000000.000,,,89000000.000,,,,-64000000.000,,,,100000000.000,,,,78000000.000,,,,65000000.000
IncreaseDecreaseInDeferredRevenue,65000000.000,,,,69000000.000,,,107000000.000,,,,102000000.000,,,,131000000.000,,,,30000000.000,,,,166000000.000
IncreaseDecreaseInOtherCurrentAssets,,,,,75000000.000,,,-23000000.000,,,,8000000.000,,,,-70000000.000,,,,-44000000.000,,,,-51000000.000
IncreaseDecreaseInOtherOperatingAssets,23000000.000,,,,,,,,,,,,,,,,,,,,,,,
IncreaseDecreaseInOtherOperatingCapitalNet,52000000.000,,,,93000000.000,,,81000000.000,,,,102000000.000,,,,86000000.000,,,,17000000.000,,,,-69000000.000
IncreaseDecreaseInReceivables,360000000.000,,,,254000000.000,,,259000000.000,,,,433000000.000,,,,347000000.000,,,,57000000.000,,,,145000000.000
IncreaseDecreaseInRetailRelatedInventories,990000000.000,,,,1204000000.000,,,1103000000.000,,,,1272000000.000,,,,1198000000.000,,,,1319000000.000,,,,1051000000.000
IncrementalCommonSharesAttributableToShareBasedPaymentArrangements,,,8000000.000,,9000000.000,11000000.000,11000000.000,10000000.000,9000000.000,9000000.000,-19000000.000,9000000.000,7000000.000,7000000.000,-15000000.000,7000000.000,6000000.000,6000000.000,-13000000.000,5000000.000,5000000.000,5000000.000,-10000000.000,6000000.000
InterestExpense,141000000.000,149000000.000,162000000.000,154000000.000,156000000.000,155000000.000,155000000.000,164000000.000,174000000.000,191000000.000,182000000.000,191000000.000,208000000.000,218000000.000,213000000.000,197000000.000,233000000.000,247000000.000,242000000.000,244000000.000,236000000.000,246000000.000,246000000.000,254000000.000
InvestmentIncomeInterestAndDividend,2000000.000,3000000.000,4000000.000,4000000.000,5000000.000,4000000.000,5000000.000,3000000.000,2000000.000,3000000.000,4000000.000,100000000.000,,,,,,,,,,,,13000000.000
NetCashProvidedByUsedInFinancingActivities,-664000000.000,,,,-1083000000.000,,,-589000000.000,,,,-1706000000.000,,,,-2001000000.000,,,,-2338000000.000,,,,-3081000000.000
NetCashProvidedByUsedInFinancingActivitiesContinuingOperations,-664000000.000,,,,-1083000000.000,,,-589000000.000,,,,-1706000000.000,,,,-2001000000.000,,,,-2338000000.000,,,,-3081000000.000
NetCashProvidedByUsedInInvestingActivities,-184000000.000,,,,-221000000.000,,,-276000000.000,,,,-280000000.000,,,,-317000000.000,,,,-321000000.000,,,,-445000000.000
NetCashProvidedByUsedInInvestingActivitiesContinuingOperations,-184000000.000,,,,-221000000.000,,,-276000000.000,,,,-280000000.000,,,,-317000000.000,,,,-321000000.000,,,,-445000000.000
NetCashProvidedByUsedInOperatingActivities,2098000000.000,,,,2490000000.000,,,2697000000.000,,,,2568000000.000,,,,3404000000.000,,,,3636000000.000,,,,4564000000.000
NetCashProvidedByUsedInOperatingActivitiesContinuingOperations,2098000000.000,,,,2490000000.000,,,2697000000.000,,,,2568000000.000,,,,3404000000.000,,,,3636000000.000,,,,4564000000.000
NetIncomeLoss,812000000.000,1363000000.000,934000000.000,774000000.000,1035000000.000,1532000000.000,947000000.000,1226000000.000,1795000000.000,1351000000.000,1013000000.000,1379000000.000,2050000000.000,1537000000.000,1379000000.000,1579000000.000,2234000000.000,1725000000.000,1471000000.000,1803000000.000,2441000000.000,1969000000.000,1744000000.000,2014000000.000
NonoperatingIncomeExpense,,,-158000000.000,,-84000000.000,-151000000.000,-150000000.000,-161000000.000,-172000000.000,-188000000.000,-178000000.000,-91000000.000,-191000000.000,-113000000.000,-98000000.000,-193000000.000,-84000000.000,-240000000.000,-236000000.000,-237000000.000,-228000000.000,-236000000.000,-235000000.000,-241000000.000
OperatingExpenses,4406000000.000,4582000000.000,4346000000.000,4267000000.000,4469000000.000,4457000000.000,4534000000.000,4585000000.000,4703000000.000,4505000000.000,4431000000.000,4608000000.000,4713000000.000,4632000000.000,4532000000.000,4582000000.000,4718000000.000,4584000000.000,4607000000.000,4714000000.000,4824000000.000,4722000000.000,4626000000.000,4805000000.000
OperatingIncomeLoss,1422000000.000,2294000000.000,1615000000.000,1330000000.000,1714000000.000,2569000000.000,1733000000.000,2094000000.000,3018000000.000,2293000000.000,1761000000.000,2277000000.000,3448000000.000,2553000000.000,2191000000.000,2597000000.000,3647000000.000,2981000000.000,2549000000.000,3077000000.000,4103000000.000,3320000000.000,2927000000.000,3349000000.000
OtherComprehensiveIncomeDerivativesQualifyingAsHedgesNetOfTaxPeriodIncreaseDecrease,-3000000.000,2000000.000,3000000.000,3000000.000,1000000.000,,,,,,,,,,,,,,,,,,,
OtherComprehensiveIncomeForeignCurrencyTransactionAndTranslationAdjustmentBeforeTaxPeriodIncreaseDecrease,186000000.000,-12000000.000,-245000000.000,-72000000.000,159000000.000,,,,,,,,,,,,,,,,,,,
OtherComprehensiveIncomeLossDerivativesQualifyingAsHedgesNetOfTax,,,,,,2000000.000,1000000.000,2000000.000,1000000.000,-21000000.000,6000000.000,2000000.000,-13000000.000,15000000.000,7000000.000,14000000.000,-14000000.000,-10000000.000,-24000000.000,11000000.000,-9000000.000,21000000.000,11000000.000,-25000000.000
OtherComprehensiveIncomeLossForeignCurrencyTransactionAndTranslationAdjustmentBeforeTax,,,,,,-140000000.000,95000000.000,44000000.000,-153000000.000,-5000000.000,-215000000.000,40000000.000,15000000.000,-124000000.000,-441000000.000,111000000.000,-241000000.000,-70000000.000,-212000000.000,309000000.000,-192000000.000,-125000000.000,5000000.000,-30000000.000
OtherComprehensiveIncomeLossNetOfTax,,,,,,-138000000.000,96000000.000,36000000.000,-152000000.000,-27000000.000,-208000000.000,42000000.000,3000000.000,-109000000.000,-434000000.000,125000000.000,-255000000.000,-80000000.000,-236000000.000,320000000.000,-200000000.000,-105000000.000,16000000.000,-56000000.000
OtherComprehensiveIncomeLossNetOfTaxPeriodIncreaseDecrease,168000000.000,-10000000.000,-241000000.000,,160000000.000,,,,,,,,,,,,,,,,,,,
OtherComprehensiveIncomeLossTax,-15000000.000,,,,,,,,,,,,,,,,,,,,,,,
OtherNonoperatingIncomeExpense,,,0.000,,67000000.000,0.000,0.000,0.000,0.000,0.000,0.000,,,,,,,,,,,,,
PaymentsForRepurchaseOfCommonStock,1301000000.000,,,,1131000000.000,,,2196000000.000,,,,1250000000.000,,,,1125000000.000,,,,1157000000.000,,,,1289000000.000
PaymentsOfDividendsCommonStock,403000000.000,,,,444000000.000,,,577000000.000,,,,646000000.000,,,,769000000.000,,,,862000000.000,,,,1069000000.000
PaymentsToAcquireBusinessesNetOfCashAcquired,,,,,,,,13000000.000,,,,0.000,,,,,,,,,,,,
PaymentsToAcquireProductiveAssets,199000000.000,,,,228000000.000,,,278000000.000,,,,287000000.000,,,,322000000.000,,,,325000000.000,,,,458000000.000
ProceedsFromIssuanceOfCommonStock,34000000.000,,,,412000000.000,,,64000000.000,,,,69000000.000,,,,47000000.000,,,,29000000.000,,,,31000000.000
ProceedsFromIssuanceOfLongTermDebtAndCapitalSecuritiesNet,,,,,0.000,,,1994000000.000,,,,0.000,,,,,,,,2989000000.000,,,,0.000
ProceedsFromPaymentsForOtherFinancingActivities,19000000.000,,,,87000000.000,,,134000000.000,,,,133000000.000,,,,146000000.000,,,,25000000.000,,,,-33000000.000
ProceedsFromRepaymentsOfCommercialPaper,,,,,,,,,,,,,,,,-290000000.000,,,,-350000000.000,,,,-710000000.000
ProceedsFromRepaymentsOfLongTermDebtAndCapitalSecurities,1994000000.000,,,,,,,,,,,,,,,,,,,,,,,
ProceedsFromSaleOfPropertyPlantAndEquipment,15000000.000,,,,7000000.000,,,15000000.000,,,,7000000.000,,,,5000000.000,,,,4000000.000,,,,13000000.000
RepaymentsOfLongTermDebtAndCapitalSecurities,1007000000.000,,,,7000000.000,,,8000000.000,,,,12000000.000,,,,10000000.000,,,,3012000000.000,,,,11000000.000
RestructuringCharges,,,,,,,165000000.000,,,,,,,,,,,,,,,,,
Revenues,16823000000.000,20232000000.000,17326000000.000,16014000000.000,17808000000.000,20570000000.000,18130000000.000,19124000000.000,22522000000.000,19470000000.000,17696000000.000,19687000000.000,23811000000.000,20516000000.000,19162000000.000,20891000000.000,24829000000.000,21819000000.000,20980000000.000,22762000000.000,26472000000.000,23154000000.000,22207000000.000,23887000000.000
SalesRevenueNet,16823000000.000,20232000000.000,17326000000.000,16014000000.000,17808000000.000,20570000000.000,18130000000.000,19124000000.000,22522000000.000,19470000000.000,17696000000.000,19687000000.000,23811000000.000,20516000000.000,19162000000.000,20891000000.000,24829000000.000,21819000000.000,20980000000.000,22762000000.000,26472000000.000,23154000000.000,22207000000.000,23887000000.000
SellingGeneralAndAdministrativeExpense,4009000000.000,4186000000.000,3956000000.000,3877000000.000,4086000000.000,4066000000.000,4139000000.000,4183000000.000,4294000000.000,4096000000.000,4024000000.000,4194000000.000,4298000000.000,4217000000.000,4125000000.000,4163000000.000,4299000000.000,4161000000.000,4178000000.000,4281000000.000,4388000000.000,4280000000.000,4183000000.000,4361000000.000
ShareBasedCompensation,60000000.000,,,,58000000.000,,,65000000.000,,,,67000000.000,,,,69000000.000,,,,72000000.000,,,,81000000.000
WeightedAverageNumberDilutedSharesOutstandingAdjustment,12000000.000,9000000.000,,,,,,,,,,,,,,,,,,,,,,
WeightedAverageNumberOfDilutedSharesOutstanding,1611000000.000,1577000000.000,1548000000.000,-3166000000.000,1531000000.000,1512000000.000,1498000000.000,1478000000.000,1443000000.000,1417000000.000,-2904000000.000,1376000000.000,1353000000.000,1334000000.000,-2717000000.000,1305000000.000,1289000000.000,1274000000.000,-2585000000.000,1252000000.000,1240000000.000,1229000000.000,-2487000000.000,1204000000.000
WeightedAverageNumberOfSharesOutstandingBasic,1599000000.000,1568000000.000,1540000000.000,-3145000000.000,1522000000.000,1501000000.000,1487000000.000,1468000000.000,1434000000.000,1408000000.000,-2885000000.000,1367000000.000,1346000000.000,1327000000.000,-2702000000.000,1298000000.000,1283000000.000,1268000000.000,-2572000000.000,1247000000.000,1235000000.000,1224000000.000,-2477000000.000,1198000000.000
