,2011-08-31,2011-11-30,2012-05-31,2012-11-30,2013-05-31,2013-08-31,2013-11-30,2014-02-28,2014-05-31,2014-08-31,2014-11-30,2015-02-28,2015-05-31,2015-08-31,2015-11-30,2016-02-29,2016-05-31,2016-08-31,2016-11-30,2017-02-28
AmortizationOfDeferredCharges,,,,,,,,,,,,,,,,,7000.000,,,
CashAndCashEquivalentsPeriodIncreaseDecrease,,,-29845.000,,-297047.000,,,,111350.000,,,,-86599.000,,,,-341301.000,,,
CostOfGoodsSold,493064.000,589390.000,637362.000,782900.000,707437.000,807891.000,854734.000,1018712.000,1110771.000,868317.000,1075158.000,1502715.000,1112686.000,1159448.000,1035675.000,1336626.000,1053354.000,1193338.000,1129170.000,1348235.000
CostsAndExpenses,1183330.000,1275085.000,1598044.000,1983018.000,1751287.000,1872386.000,1939308.000,2128200.000,2395922.000,2185790.000,2520721.000,,,,,,,,,
DeferredIncomeTaxesAndTaxCredits,,,,,,,,,,,,,-2380.000,,,,-15144.000,,,
DepreciationDepletionAndAmortization,23959.000,27113.000,40537.000,51329.000,54937.000,57590.000,57979.000,62453.000,59690.000,70990.000,71544.000,81651.000,64719.000,70094.000,69274.000,67479.000,70156.000,73699.000,83254.000,73502.000
EarningsPerShareBasic,,,,0.000,,,0.000,,,0.010,,,,0.010,,,-0.010,0.000,,
EarningsPerShareDiluted,,,,0.000,,,0.000,,,0.010,,,,0.010,,,-0.010,0.000,,
ForeignCurrencyTransactionGainLossBeforeTax,1375.000,1238.000,-3013.000,1465.000,-11062.000,72.000,3910.000,6983.000,1844.000,-11559.000,-23483.000,-44768.000,-15070.000,9313.000,-36663.000,16216.000,15633.000,-5888.000,-43546.000,-7698.000
GainLossOnSaleOfPropertyPlantEquipment,,,,,,,,,,,,,-4606.000,-8718.000,-253.000,-527.000,,,,
GrossProfit,,,,,,,,,,,,,1517859.000,2006729.000,2109279.000,1969036.000,1936812.000,1954592.000,2063943.000,1614211.000
IncomeLossFromContinuingOperationsBeforeIncomeTaxesExtraordinaryItemsNoncontrollingInterest,197339.000,309416.000,137635.000,84481.000,111641.000,137939.000,245689.000,515184.000,244152.000,308699.000,112094.000,409591.000,-97437.000,508402.000,254228.000,477377.000,-353215.000,-124460.000,-157491.000,-141533.000
IncomeTaxExpenseBenefit,79266.000,127169.000,47296.000,28957.000,38287.000,47230.000,83735.000,137772.000,86096.000,105705.000,19402.000,110216.000,-32797.000,173188.000,86676.000,132639.000,-119901.000,-41848.000,-53216.000,-26735.000
IncomeTaxesPaid,,,98000.000,,76575.000,,,,126500.000,,,,,,,,91600.000,,,
IncreaseDecreaseInAccountsPayable,,,27122.000,,86450.000,,,,273690.000,,,,154275.000,,,,300402.000,,,
IncreaseDecreaseInAccountsReceivable,,,-147737.000,,-171076.000,,,,-90443.000,,,,-148234.000,,,,-6555.000,,,
IncreaseDecreaseInAccruedLiabilities,,,-34383.000,,-29036.000,,,,55451.000,,,,-65606.000,,,,3228.000,,,
IncreaseDecreaseInAccruedTaxesPayable,,,-50704.000,,-38288.000,,,,-40403.000,,,,,,,,-129497.000,,,
IncreaseDecreaseInEmployeeRelatedLiabilities,,,-16152.000,,-29941.000,,,,-11432.000,,,,123885.000,,,,-36686.000,,,
IncreaseDecreaseInInventories,,,149988.000,,112658.000,,,,205862.000,,,,186000.000,,,,83290.000,,,
IncreaseDecreaseInOtherCurrentLiabilities,,,-2812.000,,,,,,,,,,,,,,,,,
IncreaseDecreaseInOtherOperatingAssets,,,,,,,,,,,,,,,,,350.000,,,
IncreaseDecreaseInPrepaidExpense,,,-56730.000,,-2972.000,,,,141198.000,,,,168325.000,,,,186259.000,,,
InterestExpense,7823.000,8200.000,7207.000,7105.000,4447.000,100.000,,,,512.000,,,,,,,,,,
InterestPaid,,,7207.000,,4447.000,,,,,,,,,,,,,,,
InvestmentIncomeNet,24900.000,90181.000,1734.000,2730.000,2051.000,2395.000,1166.000,1814.000,1209.000,1706.000,1143.000,1565.000,1103.000,1026.000,929.000,,,,,
NetCashProvidedByUsedInFinancingActivities,,,-10627.000,,-439306.000,,,,,,,,,,,,-1105.000,,,
NetCashProvidedByUsedInFinancingActivitiesContinuingOperations,,,-10627.000,,-439306.000,,,,,,,,,,,,-1105.000,,,
NetCashProvidedByUsedInInvestingActivities,,,-122024.000,,-72162.000,,,,-154340.000,,,,-97700.000,,,,-78015.000,,,
NetCashProvidedByUsedInInvestingActivitiesContinuingOperations,,,-122024.000,,-72162.000,,,,-154340.000,,,,-97700.000,,,,-78015.000,,,
NetCashProvidedByUsedInOperatingActivities,,,102806.000,,214421.000,,,,265690.000,,,,11101.000,,,,-262181.000,,,
NetCashProvidedByUsedInOperatingActivitiesContinuingOperations,,,102806.000,,214421.000,,,,265690.000,,,,11101.000,,,,-262181.000,,,
NetIncomeLoss,118073.000,182247.000,90339.000,55524.000,73354.000,90709.000,161954.000,377412.000,158056.000,202994.000,92692.000,299375.000,-64640.000,335214.000,167552.000,344738.000,-233314.000,-82612.000,-104275.000,-114798.000
NetIncomeLossAvailableToCommonStockholdersBasic,,182247.000,,,,,,,,,,,,,,,,,,
NonoperatingIncomeExpense,18452.000,83219.000,-8486.000,-2910.000,-13458.000,2367.000,5076.000,8797.000,3053.000,-10365.000,-22340.000,,-18573.000,1621.000,-35987.000,,16387.000,-5503.000,-45022.000,
OperatingExpenses,,,,,,,,,,,,,1596723.000,1499948.000,1819064.000,1505784.000,2306414.000,2073549.000,2176412.000,1749434.000
OperatingIncomeLoss,178887.000,226197.000,146121.000,87391.000,125099.000,135572.000,240613.000,506387.000,241099.000,319064.000,134434.000,452794.000,-78864.000,506781.000,290215.000,463252.000,-369602.000,-118957.000,-112469.000,-135223.000
OtherAmortizationOfDeferredCharges,,,,,,,,,,,,,,,7000.000,,,,,
OtherCostAndExpenseOperating,,,,5375.000,5375.000,5375.000,5375.000,,5375.000,5375.000,5375.000,,,,,,,,,
OtherNoncashIncome,,,5620.000,,5620.000,,,,5620.000,,,,5618.000,,,,5620.000,,,
OtherNonoperatingExpense,,,,,,,,,,,,,,,,,,,1930.000,
OtherNonoperatingIncomeExpense,,,,,,,,,,,,,,,,,754.000,385.000,454.000,1344.000
PaymentsForRepurchaseOfOtherEquity,,,,,,,,,,,,,,,,,1105.000,,,
PaymentsToAcquireIntangibleAssets,,,,,,,,,62913.000,,,,36356.000,,,,23366.000,,,
PaymentsToAcquirePropertyPlantAndEquipment,,,121896.000,,68232.000,,,,91427.000,,,,61344.000,,,,54649.000,,,
PaymentsToAcquireRestrictedCertificatesOfDeposit,,,128.000,,,,,,,,,,,,,,,,,
ProceedsFromSaleOfIntangibleAssets,,,,,-3930.000,,,,,,,,,,,,,,,
ProvisionForDoubtfulAccounts,,,,,,,,,,,,,951.000,,,,-10312.000,,,
RepaymentsOfNotesPayable,,,504.000,,1474.000,,,,,,,,,,,,,,,
RepaymentsOfRelatedPartyDebt,,,10123.000,,437832.000,,,,,,,,,,,,,,,
ResearchAndDevelopmentExpense,9969.000,26606.000,38375.000,36062.000,37754.000,43116.000,50864.000,86416.000,131396.000,158424.000,116885.000,61449.000,53665.000,38711.000,51564.000,63342.000,56668.000,67686.000,59142.000,53990.000
Revenues,1362217.000,1501282.000,1744165.000,2070409.000,1876386.000,2007958.000,2179921.000,2634587.000,2637021.000,2504854.000,2655155.000,3447630.000,2630545.000,3166177.000,3144954.000,3305662.000,2990166.000,3147930.000,3193113.000,2962446.000
SalesRevenueNet,1362217.000,1501282.000,1744165.000,2070409.000,1876386.000,2007958.000,2179921.000,2634587.000,2637021.000,2504854.000,2655155.000,3447630.000,2630545.000,3166177.000,3144954.000,3305662.000,2990166.000,3147930.000,3193113.000,2962446.000
SellingGeneralAndAdministrativeExpense,656338.000,631976.000,881770.000,1112727.000,951159.000,963789.000,975731.000,960619.000,1094065.000,1088059.000,1257134.000,1349021.000,1478339.000,1391143.000,1698226.000,1374963.000,2179590.000,1932164.000,2034016.000,1621942.000
ShareBasedCompensation,,,,40050.000,41175.000,,25875.000,,32875.000,,,,7000.000,,,,50950.000,,,
StockIssued1,,,,,,,,,84000.000,,,,,,,,,,,
WeightedAverageNumberOfDilutedSharesOutstanding,,,35287576.000,36661667.000,36661667.000,36661667.000,36661667.000,-73323334.000,37081667.000,37342537.000,38081667.000,-74871807.000,38006667.000,38006667.000,38006667.000,-76031047.000,37965979.000,37857312.000,37794350.000,-75739440.000
WeightedAverageNumberOfSharesOutstandingBasic,,,35196667.000,36611667.000,36661667.000,36661667.000,36661667.000,-73323334.000,37081667.000,37342537.000,38081667.000,-74871807.000,38006667.000,38006667.000,38006667.000,-76031047.000,37965979.000,37857312.000,37746731.000,-75739441.000
