,2011-06-30,2011-09-30,2012-03-31,2012-06-30,2012-09-30,2012-12-31,2013-03-31,2013-06-30,2013-09-30,2013-12-31,2014-03-31,2014-06-30,2014-09-30,2014-12-31,2015-03-31,2015-06-30,2015-09-30,2015-12-31,2016-03-31,2016-06-30,2016-09-30,2016-12-31,2017-03-31
AntidilutiveSecuritiesExcludedFromComputationOfEarningsPerShareAmount,,,,,,,27485.000,,,,,,,,,,,,,,,,
CapitalLeaseObligationsIncurred,,,,,,,,,,,,,,,,,,,,,,,64000.000
CashAndCashEquivalentsPeriodIncreaseDecrease,,,-210000.000,,,,948000.000,,,,4361000.000,,,,-3032000.000,,,,-16779000.000,,,,1643000.000
ComprehensiveIncomeNetOfTax,,,4059000.000,3671000.000,3996000.000,,4235000.000,3050000.000,4054000.000,,5048000.000,4513000.000,3962000.000,,,,,,6047000.000,4563000.000,4531000.000,5746000.000,6639000.000
DeferredIncomeTaxExpenseBenefit,,,275000.000,,,,13000.000,,,,96000.000,,,,-63000.000,,,,737000.000,,,,415000.000
DepreciationAndAmortization,,,1243000.000,,,,950000.000,,,,935000.000,,,,1015000.000,,,,968000.000,1092000.000,1086000.000,1079000.000,1106000.000
DepreciationDepletionAndAmortization,1235000.000,1312000.000,1243000.000,1214000.000,1149000.000,1093000.000,950000.000,931000.000,907000.000,944000.000,935000.000,926000.000,949000.000,994000.000,1015000.000,1024000.000,1070000.000,,,,,,
DirectOperatingCosts,7260000.000,7471000.000,8931000.000,8633000.000,8769000.000,9128000.000,10246000.000,9498000.000,9452000.000,9648000.000,10329000.000,10773000.000,9769000.000,10848000.000,11799000.000,10440000.000,11006000.000,11365000.000,11539000.000,10734000.000,11468000.000,11836000.000,12500000.000
EarningsPerShareBasic,0.350,0.400,0.570,0.580,0.530,0.540,0.650,,,,,,,,,,,,,,,,
EarningsPerShareDiluted,0.340,0.390,0.560,0.570,0.510,0.530,0.640,,,,,,,,,,,,,,,,
EffectOfExchangeRateOnCashAndCashEquivalents,,,97000.000,,,,-137000.000,,,,-237000.000,,,,-718000.000,,,,597000.000,,,,86000.000
EffectiveIncomeTaxRateContinuingOperations,,,,0.229,0.349,,,,,,,,0.360,,0.398,0.357,0.362,,0.354,0.352,0.353,,0.347
EffectiveIncomeTaxRateReconciliationAtFederalStatutoryIncomeTaxRate,,,,,,,0.373,0.371,0.359,-0.753,0.346,0.353,,,,,,,,,,,
ExcessTaxBenefitFromShareBasedCompensationFinancingActivities,,,599000.000,,,,575000.000,,,,528000.000,,,,94000.000,,,,333000.000,,,,
ExcessTaxBenefitFromShareBasedCompensationOperatingActivities,,,,,,,-56000.000,,,,-72000.000,,,,-14000.000,,,,-38000.000,,,,
GainLossOnDispositionOfProperty,,,,,,,-1000.000,,,,,,,,,,,,,,,,
GoodwillAndIntangibleAssetImpairment,,,,,,,,,,,,,,,0.000,,,,0.000,,,,0.000
GoodwillForeignCurrencyTranslationGainLoss,,,,,,,,,,,,,,,,,,,152000.000,,,,20000.000
GoodwillTranslationAdjustments,,,,,,,-63000.000,,,,-94000.000,,,,-209000.000,,,,,,,,
ImpairmentOfInvestments,,,,,,,,,,,,,,,657000.000,,,,,,,,
ImpairmentOfLongLivedAssetsHeldForUse,,,,,,,,,,,0.000,,,,,,,,,,,,
IncomeLossFromContinuingOperationsBeforeIncomeTaxesMinorityInterestAndIncomeLossFromEquityMethodInvestments,3687000.000,4117000.000,5930000.000,5111000.000,5492000.000,5674000.000,7133000.000,5463000.000,5948000.000,5944000.000,8343000.000,6266000.000,7107000.000,6376000.000,5782000.000,6325000.000,6485000.000,8768000.000,8006000.000,7036000.000,7309000.000,9005000.000,9980000.000
IncomeTaxExpenseBenefit,1358000.000,1470000.000,2081000.000,1172000.000,1915000.000,1971000.000,2663000.000,2029000.000,2135000.000,2177000.000,2890000.000,2215000.000,2555000.000,2276000.000,2302000.000,2261000.000,2346000.000,2841000.000,2833000.000,2478000.000,2580000.000,2947000.000,3459000.000
IncomeTaxReconciliationTaxCredits,,,,87000.000,87000.000,,,,,,,,,,,,,,,,,,
IncomeTaxesPaid,,,708000.000,,,,257000.000,,,,2219000.000,,,,1893000.000,,,,4361000.000,,,,122000.000
IncreaseDecreaseInAccountsPayable,,,87000.000,,,,799000.000,,,,43000.000,,,,-141000.000,,,,469000.000,,,,207000.000
IncreaseDecreaseInAccountsReceivable,,,2340000.000,,,,2297000.000,,,,1075000.000,,,,3838000.000,,,,4167000.000,,,,2647000.000
IncreaseDecreaseInDeferredRevenue,,,34000.000,,,,-108000.000,,,,836000.000,,,,363000.000,,,,3013000.000,,,,1689000.000
IncreaseDecreaseInIncomeTaxes,,,-11000.000,,,,1502000.000,,,,31000.000,,,,378000.000,,,,-2451000.000,,,,2890000.000
IncreaseDecreaseInPrepaidDeferredExpenseAndOtherAssets,,,-933000.000,,,,633000.000,,,,,,,,,,,,,,,,540000.000
IncreaseDecreaseInPrepaidExpense,,,,,,,,,,,481000.000,,,,374000.000,,,,254000.000,,,,
IncreaseDecreaseInUnbilledReceivables,,,75000.000,,,,633000.000,,,,3000.000,,,,177000.000,,,,-33000.000,,,,374000.000
InterestExpense,156000.000,155000.000,142000.000,140000.000,134000.000,125000.000,117000.000,101000.000,91000.000,88000.000,81000.000,78000.000,76000.000,70000.000,63000.000,57000.000,52000.000,48000.000,85000.000,36000.000,38000.000,31000.000,27000.000
InterestPaid,,,135000.000,,,,77000.000,,,,76000.000,,,,59000.000,,,,83000.000,,,,24000.000
InvestmentIncomeInterest,3000.000,4000.000,5000.000,6000.000,8000.000,13000.000,19000.000,12000.000,14000.000,18000.000,17000.000,19000.000,22000.000,25000.000,17000.000,16000.000,14000.000,13000.000,11000.000,11000.000,12000.000,13000.000,14000.000
NetCashProvidedByUsedInFinancingActivities,,,-1755000.000,,,,-1600000.000,,,,40000.000,,,,-3135000.000,,,,-20326000.000,,,,-5161000.000
NetCashProvidedByUsedInFinancingActivitiesContinuingOperations,,,-1755000.000,,,,-1600000.000,,,,40000.000,,,,-3135000.000,,,,-20326000.000,,,,-5161000.000
NetCashProvidedByUsedInInvestingActivities,,,-633000.000,,,,-416000.000,,,,-605000.000,,,,-757000.000,,,,-1084000.000,,,,-1425000.000
NetCashProvidedByUsedInInvestingActivitiesContinuingOperations,,,-633000.000,,,,-416000.000,,,,-605000.000,,,,-757000.000,,,,-1084000.000,,,,-1425000.000
NetCashProvidedByUsedInOperatingActivities,,,2081000.000,,,,3101000.000,,,,5163000.000,,,,1578000.000,,,,4034000.000,,,,8143000.000
NetCashProvidedByUsedInOperatingActivitiesContinuingOperations,,,2081000.000,,,,3101000.000,,,,5163000.000,,,,1578000.000,,,,4034000.000,,,,8143000.000
NetIncomeLoss,,,3849000.000,3939000.000,3577000.000,3703000.000,,,,,5453000.000,4051000.000,4552000.000,4100000.000,3480000.000,4064000.000,4139000.000,5927000.000,5173000.000,4558000.000,4729000.000,6058000.000,6521000.000
NonoperatingIncomeExpense,-144000.000,-77000.000,-152000.000,-105000.000,-155000.000,-100000.000,-84000.000,-71000.000,-81000.000,-82000.000,-57000.000,-52000.000,-52000.000,-43000.000,-47000.000,-39000.000,-63000.000,1062000.000,,18000.000,-30000.000,,-4000.000
NumberOfOperatingSegments,,,,,,,2.000,,,,2.000,,3.000,,7.000,,,,6.000,,,,6.000
NumberOfReportableSegments,,,,,,,1.000,,,,1.000,,,,1.000,,,,1.000,,,,1.000
OperatingExpenses,14485000.000,14355000.000,16325000.000,15416000.000,15739000.000,16222000.000,17689000.000,16820000.000,16378000.000,16897000.000,17630000.000,17683000.000,16523000.000,18705000.000,20441000.000,18100000.000,18696000.000,18659000.000,19864000.000,19096000.000,19693000.000,19534000.000,20292000.000
OperatingIncomeLoss,3831000.000,4194000.000,6082000.000,5216000.000,5647000.000,5774000.000,7217000.000,5534000.000,6029000.000,6026000.000,8400000.000,6318000.000,7159000.000,6419000.000,5829000.000,6364000.000,6548000.000,7706000.000,8006000.000,7018000.000,7339000.000,8834000.000,9984000.000
OtherComprehensiveIncomeForeignCurrencyTransactionAndTranslationAdjustmentNetOfTaxPortionAttributableToParent,,,,,,,,,,,,,,,,,,,,,,,118000.000
OtherComprehensiveIncomeForeignCurrencyTransactionAndTranslationGainLossArisingDuringPeriodNetOfTax,,,210000.000,-268000.000,419000.000,,,,,,,,,,,,,,,,,,
OtherComprehensiveIncomeLossBeforeTax,,,,,,,,,241000.000,,,,,,-1054000.000,285000.000,-1028000.000,,874000.000,5000.000,-198000.000,,
OtherComprehensiveIncomeLossForeignCurrencyTransactionAndTranslationAdjustmentBeforeTax,,,,,,,,,241000.000,,,,,,-1054000.000,285000.000,-1028000.000,,874000.000,5000.000,-198000.000,,
OtherComprehensiveIncomeLossForeignCurrencyTransactionAndTranslationAdjustmentNetOfTax,,,,,,,-235000.000,-384000.000,,,-405000.000,462000.000,-590000.000,,,,,,,,,,
OtherComprehensiveIncomeLossNetOfTax,,,210000.000,-268000.000,419000.000,,,,,,,,,,,,,,,,,,
OtherComprehensiveIncomeLossNetOfTaxPortionAttributableToParent,,,,,,,-235000.000,-384000.000,,,-405000.000,462000.000,-590000.000,,,,,,,,,,118000.000
OtherNonoperatingIncomeExpense,9000.000,74000.000,-15000.000,29000.000,-29000.000,12000.000,14000.000,18000.000,-4000.000,-12000.000,7000.000,7000.000,2000.000,2000.000,-1000.000,2000.000,-25000.000,1097000.000,74000.000,43000.000,-4000.000,189000.000,9000.000
PaymentsForRepurchaseOfOtherEquity,,,466000.000,,,,,,,,,,,,,,,,,,,,
PaymentsOfDividendsCommonStock,,,1762000.000,,,,2142000.000,,,,,,,,2511000.000,,,,18440000.000,,,,4213000.000
PaymentsRelatedToTaxWithholdingForShareBasedCompensation,,,,,,,55000.000,,,,309000.000,,,,92000.000,,,,147000.000,,,,105000.000
PaymentsToAcquirePropertyPlantAndEquipment,,,633000.000,,,,416000.000,,,,605000.000,,,,757000.000,,,,1084000.000,,,,1425000.000
PaymentsToMinorityShareholders,,,,,,,,,,,,,,,,,,,2000000.000,,,,
ProceedsFromStockOptionsExercised,,,372000.000,,,,375000.000,,,,408000.000,,,,,,,,547000.000,,,,
ProfitLoss,2329000.000,2647000.000,3849000.000,3939000.000,3577000.000,3703000.000,4470000.000,3434000.000,3813000.000,3767000.000,5453000.000,4051000.000,4552000.000,,,,,,,,,,
RelatedPartyTransactionAmountsOfTransaction,,,,,,,,,,,,,,,,,,,,,59000.000,,
RepaymentsOfLongTermCapitalLeaseObligations,,,31000.000,,,,27000.000,,,,29000.000,,,,50000.000,,,,25000.000,,,,27000.000
RepaymentsOfNotesPayable,,,467000.000,,,,326000.000,,,,558000.000,,,,576000.000,,,,594000.000,,,,816000.000
Revenues,18316000.000,18549000.000,22407000.000,20632000.000,21386000.000,21996000.000,24906000.000,22354000.000,22407000.000,22923000.000,26030000.000,24001000.000,23682000.000,25124000.000,26270000.000,24464000.000,25244000.000,26365000.000,27870000.000,26114000.000,27032000.000,28368000.000,30276000.000
SalesRevenueNet,18316000.000,18549000.000,22407000.000,20632000.000,21386000.000,21996000.000,24906000.000,22354000.000,22407000.000,22923000.000,26030000.000,24001000.000,23682000.000,25124000.000,26270000.000,24464000.000,25244000.000,26365000.000,27870000.000,26114000.000,27032000.000,28368000.000,30276000.000
SellingGeneralAndAdministrativeExpense,5990000.000,5572000.000,6151000.000,5569000.000,5821000.000,6001000.000,6493000.000,6391000.000,6019000.000,6305000.000,6366000.000,5984000.000,5805000.000,6863000.000,7627000.000,6636000.000,6620000.000,6294000.000,7357000.000,7270000.000,7139000.000,6619000.000,6686000.000
ShareBasedCompensation,,,52000.000,,,,218000.000,,,,-112000.000,,,,184000.000,,,,536000.000,,,,450000.000
ShareBasedCompensationArrangementByShareBasedPaymentAwardFairValueAssumptionsExpectedDividendRate,,,,,,,0.035,,,,,,,,,,,,,,,,
ShareBasedCompensationArrangementByShareBasedPaymentAwardFairValueAssumptionsExpectedVolatilityRate,,,,,,,0.305,,,,,,,,,,,,,,,,
ShareBasedCompensationArrangementByShareBasedPaymentAwardFairValueAssumptionsRiskFreeInterestRate,,,,,,,0.011,,,,,,,,,,,,,,,,
ShareBasedCompensationArrangementByShareBasedPaymentAwardOptionsGrantsInPeriodGross,,,,,,,29448.000,,,,,,,,,,,,,,,,
ShareBasedCompensationArrangementsByShareBasedPaymentAwardOptionsExercisesInPeriodWeightedAverageExercisePrice,,,,,,,13.210,,,,,,,,,,,,,,,,
ShareBasedCompensationArrangementsByShareBasedPaymentAwardOptionsGrantsInPeriodWeightedAverageExercisePrice,,,,,,,52.420,,,,,,,,,,,,,,,,
StockIssuedDuringPeriodSharesStockOptionsExercised,,,,,,,39751.000,,,,,,,,,,,,,,,,
StockIssuedDuringPeriodSharesStockSplits,,,,,,,,,,,3.000,,,,,,,,,,,,
TaxBenefitFromStockOptionsExercised1,,,213000.000,,,,,,,,,,,,,,,,,,,,
WeightedAverageNumberOfDilutedSharesOutstanding,6855000.000,6850000.000,6907000.000,6943000.000,6961000.000,-13860000.000,7021000.000,,,,,,,,,,,,,,,,
WeightedAverageNumberOfSharesOutstandingBasic,6665000.000,6679000.000,6719000.000,6751000.000,6791000.000,-13486000.000,6890000.000,,,,,,,,,,,,,,,,
