,2011-07-31,2011-10-30,2012-01-29,2012-04-28,2012-04-29,2012-07-29,2012-10-28,2013-01-27,2013-07-28,2013-10-27,2014-01-26,2014-04-27,2014-11-02,2015-02-01,2015-08-02,2015-11-01,2016-01-31,2016-05-01,2016-07-31,2016-10-30,2017-01-29,2017-04-30
AdditionsToNoncurrentAssets,,,,,,991000.000,,,,,,,,,,,,,,,,
AdjustmentForAmortization,56000.000,,,,,60000.000,,,39000.000,,,,,,47000.000,,,,52000.000,,,
AdjustmentToAdditionalPaidInCapitalIncomeTaxEffectFromShareBasedCompensationNet,31000.000,,,,,55000.000,,,114000.000,,,,,,788000.000,,,,167000.000,,,
AdjustmentsRelatedToTaxWithholdingForShareBasedCompensation,,,,,,,,,15000.000,,,,,,747000.000,,,,280000.000,,,
AdjustmentsToAdditionalPaidInCapitalSharebasedCompensationRequisiteServicePeriodRecognitionValue,77000.000,,,,,70000.000,,,152000.000,,,,,,265000.000,,,,761000.000,,,
AvailableforsaleSecuritiesGrossRealizedGainLossExcludingOtherThanTemporaryImpairments,,,,,,,,,,,,,,,,,,,-12000.000,,,
CashAndCashEquivalentsPeriodIncreaseDecrease,-8611000.000,,,,,-3134000.000,,,-2107000.000,,,,,,-3792000.000,,,,7762000.000,,,
CommonStockDividendsPerShareCashPaid,,,,,,0.030,0.030,,,,,,,,,,,,,,,
ComprehensiveIncomeNetOfTax,,,,,,3557000.000,8279000.000,2789000.000,3095000.000,3118000.000,8367000.000,2753000.000,2983000.000,3834000.000,4612000.000,3798000.000,4739000.000,3737000.000,5409000.000,4479000.000,6334000.000,6252000.000
CostOfGoodsSold,51392000.000,49367000.000,51939000.000,62013000.000,62013000.000,56064000.000,53683000.000,52010000.000,57067000.000,58354000.000,60552000.000,62283000.000,61713000.000,66867000.000,63983000.000,61223000.000,61903000.000,60640000.000,62263000.000,58442000.000,59410000.000,60194000.000
DeferredIncomeTaxExpenseBenefit,502000.000,,,,,675000.000,,,1438000.000,,,,,,1641000.000,,,,593000.000,,,
Depreciation,1187000.000,,,,,1254000.000,,,1305000.000,,,,,,1555000.000,,,,1761000.000,,,
DividendsCash,,,,,,381000.000,,,489000.000,,,,,,5676000.000,,,,3445000.000,,,
EarningsPerShareBasic,0.140,0.490,0.140,0.280,0.280,0.280,0.680,0.230,0.270,0.250,0.690,0.220,0.250,0.310,0.380,0.310,0.390,0.300,0.430,0.360,0.520,0.500
EarningsPerShareDiluted,0.140,0.490,0.140,0.260,0.260,0.280,0.670,0.230,0.260,0.250,0.680,0.220,0.240,0.310,0.380,0.300,0.390,0.290,0.430,0.360,0.510,0.480
EffectOfExchangeRateOnCashAndCashEquivalents,19000.000,,,,,-88000.000,,,-109000.000,,,,,,116000.000,,,,-4000.000,,,
EffectiveIncomeTaxRateContinuingOperations,,,,,,0.344,,,0.416,,,,,,0.365,,,,0.378,,,
EffectiveIncomeTaxRateReconciliationAtFederalStatutoryIncomeTaxRate,,,,,,0.340,,,0.340,,,,,,0.340,,,,0.340,,,
EffectiveIncomeTaxRateReconciliationChangeInEnactedTaxRate,,,,,,,,,0.050,,,,,,,,,,,,,
EffectiveIncomeTaxRateReconciliationForeignIncomeTaxRateDifferential,,,,,,-0.050,,,-0.060,,,,,,-0.060,,,,,,,
EffectiveIncomeTaxRateReconciliationNondeductibleExpenseShareBasedCompensationCost,,,,,,0.004,,,0.046,,,,,,,,,,,,,
EffectiveIncomeTaxRateReconciliationOtherAdjustments,,,,,,,,,,,,,,,0.005,,,,0.008,,,
EffectiveIncomeTaxRateReconciliationStateAndLocalIncomeTaxes,,,,,,,,,,,,,,,,,,,0.014,,,
EffectiveIncomeTaxRateReconciliationTaxContingencies,,,,,,0.050,,,0.040,,,,,,0.030,,,,0.005,,,
ExcessTaxBenefitFromShareBasedCompensationFinancingActivities,31000.000,,,,,55000.000,,,114000.000,,,,,,788000.000,,,,167000.000,,,
ExcessTaxBenefitFromShareBasedCompensationOperatingActivities,31000.000,,,,,55000.000,,,114000.000,,,,,,788000.000,,,,167000.000,,,
ForeignCurrencyTransactionGainLossUnrealized,39000.000,,,,,80000.000,,,-96000.000,,,,,,57000.000,,,,62000.000,,,
GainLossOnSaleOfPropertyPlantEquipment,,,,,,,,,74000.000,,,,,,46000.000,,,,-9000.000,,,
GrossProfit,8878000.000,8646000.000,8511000.000,13697000.000,13697000.000,13120000.000,11877000.000,11685000.000,13074000.000,12235000.000,11837000.000,11760000.000,12278000.000,14402000.000,16202000.000,15733000.000,16563000.000,16613000.000,18419000.000,16901000.000,16759000.000,17156000.000
IncomeLossFromContinuingOperationsBeforeIncomeTaxesExtraordinaryItemsNoncontrollingInterest,2965000.000,2863000.000,2877000.000,5493000.000,5493000.000,5372000.000,4532000.000,4523000.000,5535000.000,4814000.000,4574000.000,4120000.000,4890000.000,5922000.000,7408000.000,6144000.000,7179000.000,7167000.000,8546000.000,7159000.000,6990000.000,
IncomeTaxCreditsAndAdjustments,,,,,,,,,,,,,,,31800000.000,,,,39400000.000,,,
IncomeTaxExpenseBenefit,1145000.000,-3389000.000,1075000.000,2071000.000,2071000.000,1848000.000,-3736000.000,1700000.000,2305000.000,1718000.000,-3807000.000,1380000.000,1889000.000,2110000.000,2707000.000,2373000.000,2317000.000,3566000.000,3233000.000,2684000.000,643000.000,779000.000
IncomeTaxReconciliationChangeInEnactedTaxRate,,,,,,,,,273000.000,,,,,,,,,,,,,
IncomeTaxesPaidNet,,,,,,1026000.000,,,792000.000,,,,,,900000.000,,,,2263000.000,,,
IncreaseDecreaseInAccountsPayableTrade,54000.000,,,,,-3288000.000,,,5284000.000,,,,,,-132000.000,,,,3036000.000,,,
IncreaseDecreaseInAccountsReceivable,-1322000.000,,,,,-4985000.000,,,1049000.000,,,,,,-2774000.000,,,,-611000.000,,,
IncreaseDecreaseInAccruedLiabilities,-1750000.000,,,,,-930000.000,,,-3131000.000,,,,,,,,,,,,,
IncreaseDecreaseInIncomeTaxes,-257000.000,,,,,148000.000,,,81000.000,,,,,,159000.000,,,,375000.000,,,
IncreaseDecreaseInInventories,6080000.000,,,,,7710000.000,,,3271000.000,,,,,,4068000.000,,,,1808000.000,,,
IncreaseDecreaseInOtherCurrentAssets,486000.000,,,,,572000.000,,,1300000.000,,,,,,1149000.000,,,,-158000.000,,,
IncreaseDecreaseInOtherNoncurrentAssets,14000.000,,,,,43000.000,,,11000.000,,,,,,-23000.000,,,,-19000.000,,,
IncreaseDecreaseInRestructuringReserve,-3000.000,,,,,,,,,,,,,,,,,,,,,
IncrementalCommonSharesAttributableToShareBasedPaymentArrangements,,,,,,160000.000,157000.000,195000.000,218000.000,206000.000,217000.000,-404000.000,183000.000,198000.000,179000.000,141000.000,155000.000,-302000.000,177000.000,199000.000,231000.000,-401000.000
InterestCostsCapitalized,,,,,,,,,,,,,,,20000.000,,,,9000.000,,,
InterestCostsIncurred,,,,,,,,,,,,,,,,,,,9000.000,,,
InterestExpense,220000.000,188000.000,181000.000,191000.000,191000.000,190000.000,156000.000,145000.000,140000.000,99000.000,91000.000,97000.000,,,24000.000,,,,,,,
InterestPaid,,,,,,14000.000,,,7000.000,,,,,,0.000,,,,3000.000,,,
InvestmentIncomeInterest,129000.000,110000.000,148000.000,121000.000,121000.000,127000.000,96000.000,105000.000,92000.000,102000.000,148000.000,140000.000,153000.000,202000.000,66000.000,69000.000,38000.000,3000.000,25000.000,15000.000,124000.000,135000.000
NetCashProvidedByUsedInFinancingActivities,-955000.000,,,,,-846000.000,,,-230000.000,,,,,,-4832000.000,,,,3733000.000,,,
NetCashProvidedByUsedInFinancingActivitiesContinuingOperations,-955000.000,,,,,-846000.000,,,-230000.000,,,,,,-4832000.000,,,,3733000.000,,,
NetCashProvidedByUsedInInvestingActivities,-4033000.000,,,,,-238000.000,,,-4443000.000,,,,,,-131000.000,,,,-1719000.000,,,
NetCashProvidedByUsedInInvestingActivitiesContinuingOperations,-4033000.000,,,,,-238000.000,,,-4443000.000,,,,,,-131000.000,,,,-1719000.000,,,
NetCashProvidedByUsedInOperatingActivities,-3642000.000,,,,,-1962000.000,,,2675000.000,,,,,,1055000.000,,,,5752000.000,,,
NetCashProvidedByUsedInOperatingActivitiesContinuingOperations,-3642000.000,,,,,-1962000.000,,,2675000.000,,,,,,1055000.000,,,,5752000.000,,,
NetIncomeLoss,1820000.000,6252000.000,1802000.000,3422000.000,3422000.000,3524000.000,8268000.000,2823000.000,3230000.000,3096000.000,8381000.000,2740000.000,3001000.000,3812000.000,4701000.000,3771000.000,4862000.000,3601000.000,5313000.000,4475000.000,6347000.000,6199000.000
OperatingIncomeLoss,3121000.000,2926000.000,2993000.000,5666000.000,5666000.000,5479000.000,4668000.000,4863000.000,5974000.000,5035000.000,4796000.000,4444000.000,4899000.000,6027000.000,7461000.000,6300000.000,7226000.000,7351000.000,8673000.000,7299000.000,6935000.000,7171000.000
OtherComprehensiveIncomeLossNetOfTaxPortionAttributableToParent,,,,,,33000.000,11000.000,-34000.000,-135000.000,22000.000,-14000.000,13000.000,-18000.000,22000.000,-89000.000,27000.000,-123000.000,136000.000,96000.000,4000.000,-13000.000,53000.000
OtherComprehensiveIncomeLossReclassificationAdjustmentFromAOCIForSaleOfSecuritiesNetOfTax,,,,,,,,,,,,,,,,-56000.000,-71000.000,,-12000.000,,,
OtherComprehensiveIncomeUnrealizedHoldingGainLossOnSecuritiesArisingDuringPeriodNetOfTax,15000.000,,,,,33000.000,11000.000,-34000.000,-135000.000,22000.000,-14000.000,13000.000,-18000.000,22000.000,-89000.000,-29000.000,-194000.000,136000.000,84000.000,4000.000,-13000.000,53000.000
OtherNonoperatingExpense,65000.000,,83000.000,,,44000.000,,,,,,,,,,,,,,,,
OtherNonoperatingIncomeExpense,,15000.000,,,,,-76000.000,-300000.000,-391000.000,-224000.000,-279000.000,-367000.000,-162000.000,-307000.000,-95000.000,-225000.000,-85000.000,-211000.000,-152000.000,-155000.000,-69000.000,-305000.000
PaymentsForRepurchaseOfCommonStock,1102000.000,,,,,470000.000,,,,,,,,,,,,,,,,
PaymentsOfDividends,,,,,,381000.000,,,489000.000,,,,,,5676000.000,,,,3445000.000,,,
PaymentsToAcquireBusinessesGross,,,,,,,,,2640000.000,,,,,,,,,,,,,
PaymentsToAcquireLongtermInvestments,,,,,,,,,,,,,,,478000.000,,,,559000.000,,,
PaymentsToAcquireProductiveAssets,,,,,,,,,884000.000,,,,,,3336000.000,,,,3139000.000,,,
PaymentsToAcquirePropertyPlantAndEquipment,1304000.000,,,,,1008000.000,,,,,,,,,,,,,,,,
PaymentsToAcquireShortTermInvestments,4761000.000,,,,,25000.000,,,1023000.000,,,,,,33000.000,,,,21000.000,,,
ProceedsFromIssuanceOfCommonStock,169000.000,,,,,,,,145000.000,,,,,,56000.000,,,,11000.000,,,
ProceedsFromLinesOfCredit,,,,,,,,,,,,,,,,,,,7000000.000,,,
ProceedsFromSaleOfMachineryAndEquipment,,,,,,,,,104000.000,,,,,,104000.000,,,,,,,
ProceedsFromSaleOfShortTermInvestments,2032000.000,,,,,795000.000,,,,,,,,,3612000.000,,,,2000000.000,,,
RepaymentsOfLongTermDebt,53000.000,,,,,50000.000,,,,,,,,,,,,,,,,
Revenues,60270000.000,58013000.000,60450000.000,75710000.000,75710000.000,69184000.000,65560000.000,63695000.000,70141000.000,70589000.000,72389000.000,74043000.000,73991000.000,81269000.000,80185000.000,76956000.000,78466000.000,77253000.000,80682000.000,75343000.000,76169000.000,77350000.000
SalesRevenueNet,60270000.000,58013000.000,60450000.000,75710000.000,75710000.000,69184000.000,65560000.000,63695000.000,70141000.000,70589000.000,72389000.000,74043000.000,73991000.000,81269000.000,80185000.000,76956000.000,78466000.000,77253000.000,80682000.000,75343000.000,76169000.000,77350000.000
SellingGeneralAndAdministrativeExpense,5757000.000,5720000.000,5518000.000,8031000.000,8031000.000,7641000.000,7209000.000,6822000.000,7100000.000,7200000.000,7041000.000,7316000.000,7379000.000,8375000.000,8741000.000,9433000.000,9337000.000,9262000.000,9746000.000,9602000.000,9824000.000,9985000.000
ShareBasedCompensation,77000.000,,,,,70000.000,,,152000.000,,,,,,265000.000,,,,761000.000,,,
ShareBasedCompensationArrangementByShareBasedPaymentAwardOptionsGrantsInPeriod,,,,,,,,,,,,,,,,,,,0.000,0.000,0.000,0.000
StockIssuedDuringPeriodValueStockOptionsExercised,169000.000,,,,,,,,145000.000,,,,,,56000.000,,,,11000.000,,,
StockRepurchasedAndRetiredDuringPeriodValue,,,,,,470000.000,,,,,,,,,,,,,,,,
UnrecognizedTaxBenefitsReductionsResultingFromLapseOfApplicableStatuteOfLimitations,,,,,,,,,,,,,,,,,,,,,2100000.000,
WeightedAverageNumberOfDilutedSharesOutstanding,13205000.000,12871000.000,12677000.000,-25887000.000,,12711000.000,12348000.000,12290000.000,12366000.000,12389000.000,12405000.000,-24746000.000,12401000.000,12417000.000,12456000.000,12484000.000,12486000.000,-24951000.000,12463000.000,12507000.000,12544000.000,-24996000.000
WeightedAverageNumberOfSharesOutstandingBasic,13061000.000,12733000.000,12536000.000,-25619000.000,,12551000.000,12191000.000,12095000.000,12148000.000,12183000.000,12188000.000,-24342000.000,12218000.000,12219000.000,12277000.000,12343000.000,12331000.000,-24649000.000,12286000.000,12308000.000,12313000.000,-24595000.000
WeightedAverageNumberOfSharesRestrictedStock,,,,,,123335.000,123335.000,123335.000,61667.000,61667.000,61667.000,-123333.000,,,,,,,,,,
