,2011-06-30,2011-09-30,2012-03-31,2012-06-30,2012-09-30,2012-12-31,2013-03-31,2013-06-30,2013-09-30,2013-12-31,2014-03-31,2014-06-30,2014-09-30,2014-12-31,2015-03-31
AcquisitionCosts,,,,,,,,,,,,,,,152546.000
AllocatedShareBasedCompensationExpense,,,,192000.000,180000.000,,146675.000,151000.000,184000.000,332113.000,70396.000,101770.000,117285.000,-132755.000,93791.000
AmortizationOfFinancingCosts,,,,,,,6746.000,,,,7585.000,,,,8527.000
AntidilutiveSecuritiesExcludedFromComputationOfEarningsPerShareAmount,,,,,,,,3672731.000,3434520.000,,,,,,
BusinessCombinationAcquisitionRelatedCosts,,,136957.000,,,,,,,,,,,,
CapitalizedComputerSoftwareAmortization,,,,,,,1092000.000,1181000.000,1187000.000,,-372638.000,-372638.000,-372638.000,-372638.000,-372638.000
CashAndCashEquivalentsPeriodIncreaseDecrease,,,-2091220.000,,,,-1044068.000,,,,322784.000,,,,-261190.000
CostOfRevenue,3156919.000,2962240.000,3764559.000,4024850.000,3484634.000,4439680.000,4807238.000,3272616.000,3652958.000,3649857.000,2796111.000,2674394.000,2777059.000,2817134.000,2995484.000
CostOfServicesLicensesAndServices,869481.000,780971.000,987770.000,1187770.000,1028347.000,1140950.000,1452107.000,871017.000,1203966.000,1267023.000,,,,,
CostOfServicesMaintenanceCosts,1187050.000,1193347.000,1498499.000,1549203.000,1341269.000,2298712.000,2677850.000,1636114.000,1565818.000,1209674.000,1685454.000,1463989.000,1479127.000,1420815.000,1413263.000
Depreciation,,,39860.000,,,,61838.000,,,,81829.000,,,,46338.000
DepreciationAndAmortization,,,,,,,,,,,248000.000,291000.000,248000.000,,
EarningsPerShareBasic,0.030,-0.030,-0.060,-0.000,-0.060,-0.070,0.030,-0.040,-0.030,-0.070,0.020,0.010,0.010,-0.030,0.010
EarningsPerShareDiluted,0.030,-0.030,-0.060,-0.000,-0.060,-0.070,0.030,-0.040,-0.030,-0.070,0.020,0.010,0.010,-0.030,0.010
GeneralAndAdministrativeExpense,521770.000,519495.000,421481.000,449642.000,391652.000,763405.000,577029.000,488932.000,492364.000,1060218.000,733797.000,755698.000,737168.000,1376890.000,828928.000
GrossProfit,1838673.000,421709.000,-212465.000,1413496.000,-214911.000,-475004.000,2078595.000,730892.000,1406146.000,884434.000,2411439.000,2326840.000,2226692.000,2448761.000,2293885.000
IncomeLossFromContinuingOperationsBeforeIncomeTaxesExtraordinaryItemsNoncontrollingInterest,,,-1461395.000,-39168.000,-1515392.000,-2216204.000,709992.000,-1145494.000,-906114.000,-1526381.000,437537.000,331709.000,203948.000,-554227.000,261648.000
IncomeLossFromContinuingOperationsBeforeIncomeTaxesMinorityInterestAndIncomeLossFromEquityMethodInvestments,681380.000,-710462.000,,,,,,,,,,,,,
IncomeTaxExpenseBenefit,,,,,,,4666.000,3505.000,10295.000,11914.000,3688.000,3920.000,38870.000,6001.000,62836.000
IncomeTaxesPaidNet,,,,,,,8749.000,,,,3688.000,,,,102263.000
IncreaseDecreaseInAccountsPayable,,,784256.000,,,,-495258.000,,,,-105626.000,,,,1974.000
IncreaseDecreaseInAccountsReceivable,,,181776.000,,,,1548826.000,,,,-766167.000,,,,-55108.000
IncreaseDecreaseInAccruedIncomeTaxesPayable,,,,,,,16159.000,,,,,,,,
IncreaseDecreaseInAccruedLiabilities,,,-166914.000,,,,-130385.000,,,,-781179.000,,,,-596040.000
IncreaseDecreaseInDeferredLiabilities,,,-13136.000,,,,125181.000,,,,-11372.000,,,,-14709.000
IncreaseDecreaseInDeferredRevenue,,,79570.000,,,,-39236.000,,,,-504247.000,,,,-199761.000
IncreaseDecreaseInOperatingCapital,,,,,,,,,,,248000.000,291000.000,248000.000,,
IncreaseDecreaseInOtherOperatingAssets,,,,,,,-107696.000,,,,-96522.000,,,,
IncreaseDecreaseInPrepaidExpense,,,557050.000,,,,330298.000,,,,131548.000,,,,252195.000
IncrementalCommonSharesAttributableToShareBasedPaymentArrangements,,,,,,,,,,,12318.000,273.000,,,
InterestExpense,,10397.000,,,27925.000,,92511.000,90912.000,92397.000,188251.000,93672.000,95271.000,96907.000,76406.000,98501.000
InterestPaidNet,,,,,,,49189.000,,,,44968.000,,,,43746.000
InvestmentIncomeInterest,2996.000,60.000,32.000,5.000,,,,,,,,,,,
LicensesRevenue,1884433.000,1197.000,129998.000,2296000.000,237995.000,1257178.000,3623249.000,696599.000,1028474.000,598903.000,807599.000,226599.000,33517.000,33516.000,179587.000
MaintenanceRevenue,2105692.000,2051942.000,2140177.000,2141182.000,2167994.000,1846910.000,2022963.000,1981215.000,2002028.000,2140902.000,2129663.000,2121187.000,2142835.000,2033964.000,2116966.000
NetCashProvidedByUsedInFinancingActivities,,,,,,,-35920.000,,,,-28206.000,,,,-29428.000
NetCashProvidedByUsedInFinancingActivitiesContinuingOperations,,,,,,,-35920.000,,,,-28206.000,,,,-29428.000
NetCashProvidedByUsedInInvestingActivities,,,-1521107.000,,,,-802694.000,,,,-7895.000,,,,-1000.000
NetCashProvidedByUsedInInvestingActivitiesContinuingOperations,,,-1521107.000,,,,-802694.000,,,,-7895.000,,,,-1000.000
NetCashProvidedByUsedInOperatingActivities,,,-570113.000,,,,-205454.000,,,,358885.000,,,,-230762.000
NetCashProvidedByUsedInOperatingActivitiesContinuingOperations,,,-570113.000,,,,-205454.000,,,,358885.000,,,,-230762.000
NetIncomeLoss,,-710462.000,-1461395.000,-39168.000,-1515392.000,-1958276.000,705326.000,-1148999.000,-916409.000,-1538295.000,433849.000,327789.000,165078.000,-560228.000,198812.000
NetIncomeLossAttributableToParentDiluted,,,,-39168.000,-1515392.000,,705326.000,,,,,,,,
NetIncomeLossAvailableToCommonStockholdersBasic,,,,,,,,,,,433849.000,,,,
NonoperatingIncomeExpense,6817.000,-9185.000,130.000,14446.000,-27925.000,-97828.000,-92511.000,-87091.000,-92397.000,-188251.000,-93672.000,-95271.000,,,
OperatingExpenses,1164110.000,1122986.000,1249060.000,1467110.000,1272556.000,1643372.000,1276092.000,1789295.000,2219863.000,2222564.000,1880230.000,1899860.000,1925837.000,2926582.000,1933737.000
OperatingIncomeLoss,674563.000,-701277.000,-1461525.000,-53614.000,-1487467.000,-2118376.000,802503.000,-1058403.000,-813717.000,-1338130.000,531209.000,426980.000,300855.000,-477821.000,360148.000
OtherNonoperatingIncome,3821.000,1152.000,98.000,14441.000,,,,3821.000,,,,,,,
OtherNonoperatingIncomeExpense,,,,,,,,,,,,,-96907.000,,-98501.000
PaymentsForSoftware,,,1425352.000,,,,784379.000,,,,0.000,,,,
PaymentsToAcquirePropertyPlantAndEquipment,,,95755.000,,,,18315.000,,,,7895.000,,,,1000.000
ProfitLoss,681380.000,,,,,,,,,,,,,,
RepaymentsOfDebtAndCapitalLeaseObligations,,,,,,,-35920.000,,,,28206.000,,,,29428.000
ResearchAndDevelopmentExpense,160425.000,151233.000,154175.000,205331.000,177772.000,374410.000,51010.000,774745.000,807586.000,681857.000,295437.000,228152.000,278637.000,327844.000,239770.000
RestructuringCharges,,,,,,,,,319014.000,,,,,,
Revenues,4995592.000,3383949.000,3552094.000,5438346.000,3269723.000,3964676.000,6885833.000,4003508.000,5059104.000,4534291.000,5207550.000,5001234.000,5003751.000,5265895.000,5289369.000
SalesRevenueNet,4995592.000,3383949.000,3552094.000,5438346.000,3269723.000,3964676.000,6885833.000,4003508.000,5059104.000,4534291.000,5207550.000,5001234.000,5003751.000,5265895.000,5289369.000
SellingAndMarketingExpense,481915.000,452258.000,536447.000,812137.000,703132.000,505557.000,648053.000,525618.000,600629.000,480759.000,478358.000,543372.000,537394.000,442912.000,339855.000
ShareBasedCompensation,,,8700.000,,,,9667.000,,,,12083.000,,,,55333.000
ShareBasedCompensationArrangementByShareBasedPaymentAwardFairValueAssumptionsExpectedDividendRate,,,,,,,0.000,,,,0.000,,,,0.000
ShareBasedCompensationArrangementByShareBasedPaymentAwardFairValueAssumptionsExpectedVolatilityRateMaximum,,,,,,,0.500,,,,0.500,,,,0.500
ShareBasedCompensationArrangementByShareBasedPaymentAwardFairValueAssumptionsExpectedVolatilityRateMinimum,,,,,,,0.410,,,,0.410,,,,0.410
ShareBasedCompensationArrangementByShareBasedPaymentAwardFairValueAssumptionsRiskFreeInterestRate,,,,,,,0.030,,,,0.005,,,,0.005
ShareBasedCompensationArrangementByShareBasedPaymentAwardFairValueAssumptionsWeightedAverageVolatilityRate,,,,,,,0.410,,,,0.410,,,,0.410
TechnologyServicesCosts,1100388.000,987922.000,1278290.000,1287877.000,1115018.000,1000018.000,677281.000,765485.000,883174.000,1173160.000,1110657.000,1210405.000,1297932.000,1396319.000,1582221.000
TechnologyServicesRevenue,1005467.000,1330810.000,1281919.000,1001164.000,863734.000,860588.000,1239621.000,1325694.000,2028602.000,1794486.000,2270288.000,2653448.000,2827399.000,3198415.000,2992816.000
WeightedAverageNumberDilutedSharesOutstandingAdjustment,,,,,,,172481.000,,,,,,,,
WeightedAverageNumberOfDilutedSharesOutstanding,26615000.000,25389000.000,25858000.000,25857730.000,25863000.000,-51708761.000,26201000.000,26082000.000,26286000.000,-52396000.000,26555000.000,26639000.000,26638000.000,-53204000.000,26909000.000
WeightedAverageNumberOfSharesOutstandingBasic,25183000.000,25389000.000,25858000.000,25857730.000,25863000.000,-51708761.000,26029000.000,26082000.000,26286000.000,-52224000.000,26543000.000,26638000.000,26638000.000,-53191000.000,26909000.000
