,2011-06-30,2011-09-30,2012-03-31,2012-06-30,2012-09-30,2012-12-31,2013-03-31,2013-06-30,2013-09-30,2013-12-31,2014-03-31,2014-06-30,2014-09-30,2014-12-31,2015-03-31,2015-06-30,2015-09-30,2015-12-31,2016-03-31,2016-06-30,2016-09-30,2016-12-31,2017-03-31
AdjustmentOfWarrantsGrantedForServices,,,,,0.000,,,,,,,,,,,,,,,,,,
AllocatedShareBasedCompensationExpense,,,,,,,,,,,,,,,,,,,,,,,688212.000
AntidilutiveSecuritiesExcludedFromComputationOfEarningsPerShareAmount,,,,,,,,,,,,,,,,,,,20715000.000,,,,
CashAndCashEquivalentsPeriodIncreaseDecrease,,,205787.000,,,,37477.000,,,,662570.000,,,,-107493.000,,,,-456398.000,,,,-375716.000
CostOfRevenue,,,,,86725.000,,4000.000,235436.000,0.000,-26.000,0.000,0.000,0.000,0.000,0.000,0.000,88411.000,26400.000,0.000,0.000,200326.000,3134.000,0.000
DebtInstrumentDecreaseForgiveness,,,,,0.000,,,,,,,,,,,,,,,,,,
DepreciationDepletionAndAmortization,5361.000,5390.000,7861.000,9067.000,9561.000,10268.000,10504.000,15903.000,11420.000,10106.000,11905.000,12177.000,12391.000,12797.000,13030.000,13273.000,13457.000,13682.000,13826.000,13988.000,14152.000,14345.000,14403.000
DerivativeGainLossOnDerivativeNet,,,,,,,,,,,,,,,,,,,,,,,102582.000
EarningsPerShareBasic,0.000,0.000,0.000,0.000,0.000,-0.010,0.000,,,,,,,,,,,,,,,,
EarningsPerShareBasicAndDiluted,,,,,,,0.000,0.000,0.000,0.000,0.000,0.000,0.000,-0.010,0.000,0.000,0.000,-0.010,0.000,0.000,0.000,-0.010,0.000
EffectOfExchangeRateOnCashAndCashEquivalents,,,-908.000,,,,-172.000,,,,514.000,,,,18231.000,,,,895.000,,,,-2177.000
EquityIssuancePerShareAmount,,,,,,,0.030,,,,,,,,,,,,,,,,
ExtraordinaryItemNetOfTax,,,,0.000,0.000,,,,,,,,,,,,,,,,,,
FairValueAssumptionsExpectedDividendRate,,,,,,,,,,,,,,,,,,,,,,,0.000
FairValueAssumptionsExpectedVolatilityRate,,,,,,,,,,,,,,,,,,,,,,,1.029
FairValueAssumptionsRiskFreeInterestRate,,,,,,,,,,,,,,,,,,,,,,,1.030
GainLossOnContractTermination,,,,,0.000,,,,,,,,,,,,,,,,,,
GainOrLossOnSaleOfStockInSubsidiary,,,,,0.000,,,,,,,,,,,,,,,,,,
GainsLossesOnExtinguishmentOfDebt,,,,,0.000,,,,,,,,,,,,,,,,,,
GeneralAndAdministrativeExpense,217798.000,283730.000,1329766.000,251380.000,932872.000,212971.000,285211.000,308068.000,263385.000,269017.000,289531.000,445004.000,429900.000,280614.000,312832.000,288182.000,800185.000,335976.000,279064.000,216182.000,363209.000,1209936.000,977262.000
IncomeLossBeforeExtraordinaryItemsAndCumulativeEffectOfChangeInAccountingPrinciple,-536288.000,-485040.000,-1412061.000,-557287.000,-1072381.000,,,,,,,,,,,,,,,,,,
IncomeLossBeforeExtraordinaryItemsAndCumulativeEffectOfChangeInAccountingPrinciplePerBasicShare,,,,0.000,0.000,,,,,,,,,,,,,,,,,,
IncomeLossFromExtraordinaryItemsNetOfTaxPerBasicShare,,,,0.000,0.000,,,,,,,,,,,,,,,,,,
IncreaseDecreaseInAccountsPayable,,,,,,,,,,,,,,,,,,,,,,,79830.000
IncreaseDecreaseInAccountsPayableRelatedParties,,,-66882.000,,,,45473.000,,,,-18894.000,,,,-30112.000,,,,-21326.000,,,,
IncreaseDecreaseInCustomerAdvancesAndDeposits,,,,,,,-4554.000,,,,0.000,,,,,,,,,,,,
IncreaseDecreaseInDueToOtherRelatedPartiesCurrent,,,-16673.000,,,,6501.000,,,,3914.000,,,,57500.000,,,,15273.000,,,,31403.000
IncreaseDecreaseInInventories,,,,,,,,,,,,,,,,,,,16883.000,,,,131233.000
IncreaseDecreaseInPrepaidDeferredExpenseAndOtherAssets,,,-115444.000,,,,15579.000,,,,,,,,,,,,,,,,
IncreaseDecreaseInPrepaidExpense,,,,,,,,,,,-14162.000,,,,-22954.000,,,,-20364.000,,,,-13512.000
InterestExpense,6414.000,6232.000,6185.000,6161.000,6097.000,6416.000,6366.000,6389.000,6125.000,6362.000,6376.000,6083.000,6192.000,6525.000,6396.000,6222.000,6820.000,8434.000,8591.000,8539.000,8504.000,8216.000,8615.000
InterestPaid,,,181.000,,,,307.000,,,,462.000,,,,482.000,,,,3318.000,,,,606.000
InvestmentIncomeInterest,,,,,,,,,,,,,,,,,,,53.000,11.000,2.000,56.000,15.000
LitigationSettlementExpense,,,,,0.000,,,,,,,,,,,,,,,,,,
NetCashProvidedByUsedInFinancingActivities,,,808583.000,,,,348278.000,,,,1028285.000,,,,147709.000,,,,-22889.000,,,,21065.000
NetCashProvidedByUsedInFinancingActivitiesContinuingOperations,,,808583.000,,,,348278.000,,,,1028285.000,,,,147709.000,,,,-22889.000,,,,21065.000
NetCashProvidedByUsedInInvestingActivities,,,-56268.000,,,,-6464.000,,,,-10860.000,,,,-8543.000,,,,-6269.000,,,,-5930.000
NetCashProvidedByUsedInInvestingActivitiesContinuingOperations,,,-56268.000,,,,-6464.000,,,,-10860.000,,,,-8543.000,,,,-6269.000,,,,-5930.000
NetCashProvidedByUsedInOperatingActivities,,,-545620.000,,,,-304165.000,,,,-355369.000,,,,-264890.000,,,,-428135.000,,,,-388674.000
NetCashProvidedByUsedInOperatingActivitiesContinuingOperations,,,-545620.000,,,,-304165.000,,,,-355369.000,,,,-264890.000,,,,-428135.000,,,,-388674.000
NetIncomeLoss,-536288.000,-485040.000,-1412061.000,-557287.000,-1072381.000,-301965.000,-387298.000,-224907.000,-345691.000,-379096.000,-394883.000,-592686.000,-545143.000,-407728.000,-409491.000,-384517.000,-798136.000,-443778.000,-487389.000,-320773.000,-424521.000,-1441153.000,-982219.000
NetIncomeLossAttributableToNoncontrollingInterest,,,,,0.000,,,,,,,,,,,,,,,,,,
NonoperatingIncomeExpense,-6414.000,-6232.000,-6185.000,-6161.000,-6097.000,,,,,,,,,,,,,,,,,,93982.000
NotesIssued1,,,18635.000,,,,,,,,,,,,,,,,,,,,
OperatingExpenses,529874.000,478808.000,1405876.000,551126.000,1216284.000,370549.000,385486.000,593518.000,339566.000,372734.000,388507.000,586603.000,538951.000,401203.000,403095.000,378295.000,958316.000,465371.000,478851.000,312245.000,653019.000,1385781.000,1076201.000
OperatingIncomeLoss,-529874.000,-478808.000,-1405876.000,-551126.000,-1066284.000,-295549.000,-380932.000,-218518.000,-339566.000,-372734.000,-388507.000,-586603.000,-538951.000,-401203.000,-403095.000,-378295.000,-791316.000,-435371.000,-478851.000,-312245.000,-416019.000,-1385781.000,-1076201.000
OtherComprehensiveIncomeForeignCurrencyTransactionAndTranslationAdjustmentNetOfTaxPeriodIncreaseDecrease,-2855.000,-10466.000,-908.000,,,,,,,,,,,,,,,,,,,,
OtherComprehensiveIncomeForeignCurrencyTransactionAndTranslationAdjustmentNetOfTaxPortionAttributableToParent,-539143.000,-495506.000,-1412969.000,-558925.000,-1071424.000,-303738.000,-387470.000,-226103.000,-344409.000,-380835.000,-394369.000,-590782.000,-551433.000,-435685.000,-391260.000,-383086.000,-799187.000,-441259.000,-486494.000,-323154.000,-428542.000,-1446721.000,-984396.000
OtherComprehensiveIncomeLossForeignCurrencyTransactionAndTranslationAdjustmentNetOfTax,,,,-1638.000,957.000,,-172.000,-1196.000,1282.000,-1739.000,514.000,1904.000,-6290.000,-27957.000,18231.000,1431.000,-1051.000,2519.000,895.000,-2381.000,-4021.000,-5568.000,-2177.000
OtherDepreciationAndAmortization,,,7840.000,,,,10483.000,,,,11905.000,,,,13030.000,,,,13826.000,,,,14403.000
OtherNonoperatingIncome,,,,,0.000,,,,,,,,,,,,,,,,,,
OtherSignificantNoncashTransactionValueOfConsiderationGiven1,,,,,,,27250.000,,,,27169.000,,,,31000.000,,,,31500.000,,,,26250.000
PaymentsToAcquireIntangibleAssets,,,53119.000,,,,6464.000,,,,10860.000,,,,8543.000,,,,6269.000,,,,5930.000
PaymentsToAcquirePropertyPlantAndEquipment,,,3149.000,,,,0.000,,,,,,,,,,,,,,,,
ProceedsFromIssuanceOfCommonStock,,,,,,,,,,,1049250.000,,,,171000.000,,,,0.000,,,,60000.000
ProceedsFromIssuanceOrSaleOfEquity,,,814310.000,,,,367000.000,,,,1049250.000,,,,,,,,,,,,60000.000
ProvisionForDoubtfulAccounts,,,,,0.000,,,,,,,,,,,,,,,,,,
RepaymentsOfNotesPayable,,,5727.000,,,,18722.000,,,,20965.000,,,,23291.000,,,,22889.000,,,,38935.000
ResearchAndDevelopmentExpense,306715.000,189688.000,68249.000,290679.000,187126.000,89631.000,85771.000,34111.000,64761.000,93637.000,87071.000,129422.000,96660.000,107792.000,77233.000,76840.000,56263.000,89313.000,185961.000,82075.000,75332.000,158366.000,84536.000
Revenues,,,,,150000.000,,4554.000,375000.000,0.000,0.000,0.000,0.000,0.000,0.000,0.000,0.000,167000.000,30000.000,0.000,0.000,237000.000,0.000,0.000
SalesRevenueNet,,,,,150000.000,,4554.000,375000.000,0.000,0.000,0.000,0.000,0.000,0.000,0.000,0.000,167000.000,30000.000,0.000,0.000,237000.000,0.000,0.000
ShareBasedCompensation,,,1057600.000,,,,40809.000,,,,28427.000,,,,81229.000,,,,48000.000,,,,688212.000
ShareBasedCompensationArrangementByShareBasedPaymentAwardFairValueAssumptionsExpectedDividendRate,,,,,,,,,,,0.000,,,,0.000,,,,0.000,,,,0.000
ShareBasedCompensationArrangementByShareBasedPaymentAwardFairValueAssumptionsExpectedVolatilityRate,,,,,,,,,,,1.364,,,,,,,,,,,,
ShareBasedCompensationArrangementByShareBasedPaymentAwardFairValueAssumptionsExpectedVolatilityRateMaximum,,,,,,,,,,,,,,,1.363,,,,,,,,
ShareBasedCompensationArrangementByShareBasedPaymentAwardFairValueAssumptionsExpectedVolatilityRateMinimum,,,,,,,,,,,,,,,1.357,,,,,,,,
ShareBasedCompensationArrangementByShareBasedPaymentAwardFairValueAssumptionsRiskFreeInterestRate,,,,,,,,,,,0.015,,,,,,,,,,,,
ShareBasedCompensationArrangementByShareBasedPaymentAwardFairValueAssumptionsRiskFreeInterestRateMaximum,,,,,,,,,,,,,,,0.017,,,,,,,,
ShareBasedCompensationArrangementByShareBasedPaymentAwardFairValueAssumptionsRiskFreeInterestRateMinimum,,,,,,,,,,,,,,,0.015,,,,,,,,
ShareBasedCompensationArrangementByShareBasedPaymentAwardOptionsExpirationsInPeriod,,,,,,,,,,,,,,,-250000.000,,,,250000.000,,,,5050000.000
ShareBasedCompensationArrangementByShareBasedPaymentAwardOptionsGrantsInPeriodGross,,,,,,,,,,,,,,,0.000,,,,0.000,,,,5900000.000
ShareBasedCompensationArrangementsByShareBasedPaymentAwardOptionsExercisesInPeriodWeightedAverageExercisePrice,,,,,,,,,,,,,,,0.000,,,,0.000,,,,0.000
ShareBasedCompensationArrangementsByShareBasedPaymentAwardOptionsExpirationsInPeriodWeightedAverageExercisePrice,,,,,,,,,,,,,,,0.190,,,,0.002,,,,0.230
ShareBasedCompensationArrangementsByShareBasedPaymentAwardOptionsGrantsInPeriodWeightedAverageExercisePrice,,,,,,,,,,,,,,,0.000,,,,0.000,,,,0.102
StockIssuedDuringPeriodSharesIssuedForCash,,,,,,,12233332.000,,,,,,,,,,,,,,,,
StockIssuedDuringPeriodSharesNewIssues,,,,,,,,,,,16050000.000,,,,3300000.000,,,,,,,,1000000.000
StockIssuedDuringPeriodSharesRestrictedStockAwardGross,,,,,,,12233332.000,,,,,,,,,,,,,,,,
StockIssuedDuringPeriodSharesShareBasedCompensationGross,,,,,,,,,,,,,,,,,,,,,,,1000000.000
StockIssuedDuringPeriodSharesStockOptionsExercised,,,,,,,,,,,,,,,0.000,,,,0.000,,,,0.000
StockIssuedDuringPeriodValueIssuedForCash,,,,,,,367000.000,,,,,,,,,,,,,,,,
WeightedAverageNumberOfShareOutstandingBasicAndDiluted,,,,,,,295469004.000,305341194.000,312649052.000,-605578901.000,324076274.000,338105496.000,338259689.000,-664782855.000,347259624.000,351692310.000,358036242.000,-701523423.000,369906595.000,369934068.000,371151459.000,-735873628.000,394356290.000
WeightedAverageNumberOfSharesOutstandingBasic,264273347.000,269632672.000,277646110.000,279937782.000,282697797.000,-558280353.000,295469004.000,,,,,,,,,,,,,,,,
