,2011-06-30,2011-09-30,2012-03-31,2012-06-30,2012-09-30,2012-12-31,2013-03-31,2013-06-30,2013-09-30,2013-12-31,2014-03-31,2014-06-30,2014-09-30,2014-12-31,2015-03-31,2015-06-30,2015-09-30,2015-12-31,2016-03-31,2016-06-30,2016-09-30,2016-12-31,2017-03-31
AccretionAmortizationOfDiscountsAndPremiumsInvestments,,,,,,,,,,,,,,,25072.000,,,,29244.000,,,,30135.000
AmortizationOfIntangibleAssets,,,,,,,,,57855.000,,,,,,,,,,,,,,
AntidilutiveSecuritiesExcludedFromComputationOfEarningsPerShareAmount,,,,1143863.000,1143863.000,,1287125.000,1287125.000,1103500.000,-2578185.000,1502987.000,1502987.000,1087333.000,-3056742.000,1622525.000,1897025.000,1897025.000,-3561318.000,1870585.000,,265001.000,,142013.000
CashAndCashEquivalentsPeriodIncreaseDecrease,,,-583778.000,,,,64243.000,,,,-1774270.000,,,,856431.000,,,,631233.000,,,,222476.000
CommonStockDividendsPerShareDeclared,0.030,0.000,0.000,0.020,0.000,,0.000,0.020,0.000,,0.000,0.000,0.000,,0.000,0.000,0.000,,0.000,,,,
ComprehensiveIncomeNetOfTax,,,642156.000,51349.000,331762.000,456455.000,178028.000,-262689.000,323378.000,545030.000,-118207.000,-281602.000,108861.000,937072.000,93060.000,-773670.000,-361674.000,-250818.000,-118211.000,-1135226.000,59975.000,172475.000,549265.000
CostOfGoodsAndServicesSold,3815181.000,3601116.000,3900581.000,3220860.000,3052687.000,3511453.000,3903858.000,3057940.000,3529027.000,3532171.000,2886851.000,3000412.000,2968139.000,2802326.000,2994949.000,2647755.000,2603167.000,2840281.000,2984104.000,2530771.000,2214633.000,2294513.000,2835525.000
CostsAndExpenses,17968687.000,17141103.000,18829987.000,16562131.000,15308342.000,,18422550.000,15647784.000,16137450.000,,14635005.000,14950205.000,14086629.000,,14405645.000,13562324.000,12571803.000,,13217747.000,11993104.000,10751729.000,,12260357.000
DeferredIncomeTaxExpenseBenefit,,,-36000.000,,,,-43000.000,,,,-32000.000,,,,18000.000,,,,-20000.000,,,,5000.000
DepreciationDepletionAndAmortization,,,240454.000,,,,217555.000,,,,242067.000,,,,255382.000,,,,249892.000,,,,217631.000
EarningsPerShareBasic,0.010,0.000,0.040,0.010,0.020,0.040,0.020,-0.020,0.020,0.040,-0.010,-0.020,0.010,0.080,0.010,-0.070,-0.020,-0.020,-0.000,-0.080,0.070,-0.330,0.280
EarningsPerShareDiluted,0.010,0.000,0.040,0.010,0.020,0.040,0.020,-0.020,0.020,0.040,-0.010,-0.020,0.010,0.080,0.010,-0.070,-0.020,-0.020,-0.000,-0.080,0.070,-0.330,0.280
EffectOfExchangeRateOnCashAndCashEquivalents,,,121763.000,,,,-25060.000,,,,5636.000,,,,,,,,,,,,
EffectOfExchangeRateOnCashAndCashEquivalentsContinuingOperations,,,,,,,,,,,,,,,-66533.000,,,,35610.000,,,,40703.000
EffectiveIncomeTaxRateContinuingOperations,,,,,,,,,,,0.340,,,,0.340,,,,,,,,
EffectiveIncomeTaxRateReconciliationAtFederalStatutoryIncomeTaxRate,,,,,,,,,,,,,,,,,,,0.340,,,,0.340
ForeignCurrencyTransactionGainLossUnrealized,,,23052.000,,,,-20262.000,,,,-28597.000,,,,-145311.000,,,,100053.000,,,,36133.000
IncomeLossFromContinuingOperationsBeforeIncomeTaxesExtraordinaryItemsNoncontrollingInterest,,142158.000,869384.000,189577.000,422496.000,666512.000,427801.000,-266745.000,445704.000,824830.000,-182950.000,-436766.000,172962.000,423323.000,264447.000,-1097996.000,-458001.000,-171117.000,-66660.000,-868164.000,72478.000,246291.000,550793.000
IncomeLossFromContinuingOperationsBeforeIncomeTaxesMinorityInterestAndIncomeLossFromEquityMethodInvestments,86841.000,,,,,,,,,,,,,,,,,,,,,,
IncomeTaxExpenseBenefit,18000.000,93000.000,337000.000,87000.000,135000.000,230000.000,233000.000,-53000.000,153000.000,322000.000,-32000.000,-148000.000,7000.000,-575000.000,148000.000,-252000.000,-169000.000,35000.000,-23000.000,120000.000,-62000.000,-26000.000,27000.000
IncomeTaxReconciliationChangeInDeferredTaxAssetsValuationAllowance,,,,,,,,,,,,,,,,,,,,,,,-152000.000
IncomeTaxReconciliationForeignIncomeTaxRateDifferential,,,,,,,,,,,-5000.000,,,,27000.000,,,,17000.000,,,,13000.000
IncomeTaxReconciliationIncomeTaxExpenseBenefitAtFederalStatutoryIncomeTaxRate,,,,,,,,,,,-62000.000,,,,90000.000,,,,-23000.000,,,,187000.000
IncomeTaxReconciliationOtherAdjustments,,,,,,,,,,,11000.000,,,,6000.000,,,,-20000.000,,,,3000.000
IncomeTaxReconciliationStateAndLocalIncomeTaxes,,,,,,,,,,,18000.000,,,,14000.000,,,,14000.000,,,,10000.000
IncreaseDecreaseInAccountsReceivable,,,-19509.000,,,,-83621.000,,,,-3062.000,,,,-92150.000,,,,-67571.000,,,,138452.000
IncreaseDecreaseInAccruedIncomeTaxesPayable,,,287467.000,,,,155809.000,,,,-199558.000,,,,0.000,,,,,,,,
IncreaseDecreaseInIncomeTaxesReceivable,,,-96387.000,,,,-10632.000,,,,35857.000,,,,-130978.000,,,,4933.000,,,,-29454.000
IncreaseDecreaseInInventories,,,143739.000,,,,138307.000,,,,563699.000,,,,127096.000,,,,-316870.000,,,,-268776.000
IncreaseDecreaseInOperatingLiabilities,,,1267820.000,,,,853337.000,,,,-178684.000,,,,849385.000,,,,856514.000,,,,37429.000
IncreaseDecreaseInOtherOperatingAssets,,,25886.000,,,,17684.000,,,,7236.000,,,,10633.000,,,,-18697.000,,,,1906.000
IncreaseDecreaseInPrepaidDeferredExpenseAndOtherAssets,,,499481.000,,,,739779.000,,,,481735.000,,,,308882.000,,,,605781.000,,,,353515.000
IncrementalCommonSharesAttributableToCallOptionsAndWarrants,,,,171000.000,156000.000,,88000.000,92000.000,226000.000,-209000.000,0.000,0.000,84000.000,61000.000,3000.000,0.000,0.000,-3000.000,0.000,0.000,0.000,0.000,1000.000
InterestExpense,35801.000,32925.000,30919.000,31295.000,20124.000,17164.000,17502.000,18493.000,22187.000,24279.000,24268.000,25367.000,26054.000,24453.000,23939.000,26749.000,36814.000,26379.000,26401.000,26778.000,28982.000,24521.000,24841.000
InvestmentIncomeInterest,10222.000,7045.000,9314.000,40863.000,36681.000,42557.000,37164.000,38668.000,37240.000,36330.000,36124.000,32148.000,31736.000,31495.000,30382.000,30073.000,28536.000,28036.000,27357.000,27133.000,26199.000,26317.000,25526.000
NetCashProvidedByUsedInFinancingActivities,,,-154103.000,,,,-212457.000,,,,-110190.000,,,,-124356.000,,,,-143618.000,,,,-113743.000
NetCashProvidedByUsedInFinancingActivitiesContinuingOperations,,,-154103.000,,,,-212457.000,,,,-110190.000,,,,-124356.000,,,,-143618.000,,,,-113743.000
NetCashProvidedByUsedInInvestingActivities,,,-2320578.000,,,,-307148.000,,,,-305782.000,,,,-98233.000,,,,15226.000,,,,-234870.000
NetCashProvidedByUsedInInvestingActivitiesContinuingOperations,,,-2320578.000,,,,-307148.000,,,,-305782.000,,,,-98233.000,,,,15226.000,,,,-234870.000
NetCashProvidedByUsedInOperatingActivities,,,1769140.000,,,,608908.000,,,,-1363934.000,,,,1145553.000,,,,724015.000,,,,530386.000
NetCashProvidedByUsedInOperatingActivitiesContinuingOperations,,,1769140.000,,,,608908.000,,,,-1363934.000,,,,1145553.000,,,,724015.000,,,,530386.000
NetIncomeLoss,68841.000,49158.000,532384.000,102577.000,287496.000,436512.000,194801.000,-213745.000,292704.000,502830.000,-150950.000,-288766.000,165962.000,998323.000,116447.000,-845996.000,-289001.000,-206117.000,-43660.000,-988164.000,134478.000,272291.000,523793.000
OperatingIncomeLoss,29235.000,168490.000,913657.000,218573.000,-31806.000,611456.000,434714.000,-222376.000,402014.000,887893.000,-170116.000,-474626.000,227652.000,512820.000,428718.000,-1116973.000,-377350.000,-208806.000,-181297.000,-939782.000,33686.000,275414.000,517425.000
OtherComprehensiveIncomeForeignCurrencyTransactionAndTranslationAdjustmentNetOfTaxPortionAttributableToParent,,,109772.000,-51228.000,44266.000,19943.000,-16773.000,-48944.000,30674.000,42200.000,32743.000,7164.000,-57101.000,-61251.000,-23387.000,72326.000,-72673.000,-44701.000,-74551.000,-147062.000,-74503.000,-99816.000,25472.000
OtherNonoperatingIncomeExpense,83185.000,-452.000,-22668.000,-38564.000,437745.000,29663.000,-26575.000,-64544.000,28637.000,-75114.000,-24690.000,31079.000,-60372.000,-96539.000,-170714.000,15653.000,-72373.000,36032.000,113681.000,71263.000,41575.000,-30919.000,32683.000
OtherSellingGeneralAndAdministrativeExpense,7407498.000,7089832.000,7474246.000,7021658.000,6517747.000,6459156.000,7515488.000,6972599.000,6633771.000,6633625.000,6540867.000,6716826.000,6133040.000,5657863.000,6129949.000,6454992.000,5659989.000,5301996.000,5609268.000,5541328.000,4737305.000,4317861.000,4926279.000
PaymentsForRepurchaseOfCommonStock,,,9985.000,,,,0.000,,,,,,,,,,,,,,,,
PaymentsToAcquireLifeInsurancePolicies,,,259121.000,,,,259726.000,,,,274333.000,,,,0.000,,,,,,,,
PaymentsToAcquireMortgageNotesReceivable,,,2000000.000,,,,0.000,,,,,,,,,,,,,,,,
PaymentsToAcquirePropertyPlantAndEquipment,,,61457.000,,,,61457.000,,,,53831.000,,,,127561.000,,,,9905.000,,,,261550.000
ProceedsFromCollectionOfNotesReceivable,,,,,,,14035.000,,,,22295.000,,,,23671.000,,,,25131.000,,,,26680.000
ProceedsFromSaleOfPropertyPlantAndEquipment,,,,,,,,,,,87.000,,,,5657.000,,,,0.000,,,,
RepaymentsOfLongTermDebt,,,144118.000,,,,212457.000,,,,110190.000,,,,124356.000,,,,143618.000,,,,113743.000
Revenues,17997922.000,17309593.000,19743644.000,16780704.000,15276536.000,16909005.000,18857264.000,15425408.000,16539464.000,17384602.000,14464889.000,14475579.000,14314281.000,14090210.000,14834363.000,12445351.000,12194453.000,12294690.000,13036450.000,11053322.000,10785415.000,10637649.000,12777782.000
SalesCommissionsAndFees,6746008.000,6450155.000,7455160.000,6319613.000,5737908.000,6326940.000,7003204.000,5617245.000,5974652.000,6330913.000,5207287.000,5232967.000,4985450.000,5117201.000,5280747.000,4459577.000,4308647.000,4361219.000,4624375.000,3921005.000,3799791.000,3749861.000,4498553.000
SalesRevenueGoodsNet,15984382.000,15382332.000,17614840.000,14894640.000,13571674.000,15016026.000,16889458.000,14165463.000,15241597.000,16082932.000,13305781.000,13355370.000,13206275.000,13034828.000,13708123.000,11442990.000,11250271.000,11358169.000,12042561.000,10166478.000,9972547.000,9823375.000,11835116.000
SalesRevenueNet,17997922.000,17309593.000,19743644.000,16780704.000,15276536.000,16909005.000,18857264.000,15425408.000,16539464.000,17384602.000,14464889.000,14475579.000,14314281.000,14090210.000,14834363.000,12445351.000,12194453.000,12294690.000,13036450.000,11053322.000,10785415.000,10637649.000,12777782.000
ShareBasedCompensation,,,53277.000,,,,11661.000,,,,12059.000,,,,9583.000,,,,18142.000,,,,8444.000
ShareBasedCompensationArrangementByShareBasedPaymentAwardFairValueAssumptionsExpectedDividendRate,,,,,,,0.016,,,,,,,,,,,,,,,,
ShareBasedCompensationArrangementByShareBasedPaymentAwardFairValueAssumptionsExpectedVolatilityRate,,,,,,,0.527,,,,,,,,,,,,,,,,
ShareBasedCompensationArrangementByShareBasedPaymentAwardFairValueAssumptionsRiskFreeInterestRate,,,,,,,0.009,,,,,,,,,,,,,,,,
ShareBasedCompensationArrangementByShareBasedPaymentAwardOptionsGrantsInPeriod,,,,,,,230000.000,,,,,,,,,,,,,,,,
ShareBasedCompensationArrangementByShareBasedPaymentAwardOptionsGrantsInPeriodWeightedAverageGrantDateFairValue,,,,,,,0.480,,,,,,,,,,,,,,,,
ShareBasedCompensationArrangementsByShareBasedPaymentAwardOptionsGrantsInPeriodWeightedAverageExercisePrice,,,,,,,1.170,,,,,,,,,,,,,,,,
ShippingAndHandlingRevenue,2013540.000,1927261.000,2128804.000,1886064.000,1704862.000,1892979.000,1967806.000,1259945.000,1297867.000,1301670.000,1159108.000,1120209.000,1108006.000,1055382.000,1126240.000,1002361.000,944182.000,936521.000,993889.000,886844.000,812868.000,814274.000,942666.000
WeightedAverageNumberOfDilutedSharesOutstanding,12444000.000,12416000.000,12633000.000,12678000.000,12636000.000,-25293000.000,12708000.000,12708000.000,12842000.000,-25442000.000,12666000.000,12666000.000,12750000.000,-25271000.000,12822000.000,12819000.000,12919000.000,-25690000.000,12919000.000,12919000.000,1846000.000,-25839000.000,1846000.000
WeightedAverageNumberOfSharesOutstandingBasic,12442000.000,12416000.000,12512000.000,12507000.000,12480000.000,-24999000.000,12620000.000,12616000.000,12616000.000,-25233000.000,12666000.000,12666000.000,12666000.000,-25332000.000,12819000.000,12819000.000,12919000.000,-25687000.000,12919000.000,12919000.000,1846000.000,-25839000.000,1845000.000
