,2011-09-30,2012-03-31,2012-06-30,2012-09-30,2012-12-31,2013-03-31,2013-06-30,2013-09-30,2013-12-31,2014-03-31,2014-06-30,2014-09-30
AllocatedShareBasedCompensationExpense,,,,,,22000.000,22000.000,20000.000,27000.000,31000.000,32000.000,30000.000
AllocatedShareBasedCompensationExpenseNetOfTax,,,19000.000,18000.000,,,,,,,,
AmountOfDilutiveSecuritiesStockOptionsAndRestrictiveStockUnits,,,631000.000,731000.000,,627000.000,614000.000,,,,,
AntidilutiveSecuritiesExcludedFromComputationOfEarningsPerShareAmount,,,,,,3031000.000,,,,4280000.000,,
CashAndCashEquivalentsPeriodIncreaseDecrease,,-236000.000,,,,9000.000,,,,,,
CashPeriodIncreaseDecrease,,,,,,,,,,-138000.000,,
CostOfRevenue,872000.000,744000.000,569000.000,504000.000,459000.000,583000.000,558000.000,495000.000,561000.000,502000.000,549000.000,578000.000
CurrentIncomeTaxExpenseBenefit,,,,,,,,58000.000,,,,
DepreciationAndAmortization,13000.000,15000.000,16000.000,17000.000,17000.000,17000.000,17000.000,16000.000,11000.000,10000.000,9000.000,9000.000
EarningsPerShareBasic,0.000,0.000,0.000,0.000,0.000,0.000,0.030,-0.000,0.000,0.000,0.000,0.000
EarningsPerShareDiluted,0.000,0.000,0.000,0.000,0.000,0.000,0.030,-0.000,0.000,0.000,0.000,0.000
GainLossOnSaleOfPropertyPlantEquipment,,,,,,,,2000.000,,,,
GeneralAndAdministrativeExpense,288000.000,323000.000,325000.000,268000.000,269000.000,315000.000,292000.000,251000.000,279000.000,368000.000,378000.000,365000.000
IncomeLossFromContinuingOperationsBeforeIncomeTaxesExtraordinaryItemsNoncontrollingInterest,3000.000,17000.000,33000.000,4000.000,20000.000,30000.000,18000.000,-149000.000,142000.000,53000.000,116000.000,132000.000
IncomeTaxExpenseBenefit,,2000.000,4000.000,,,1000.000,-1371000.000,-59000.000,88000.000,6000.000,77000.000,45000.000
IncomeTaxesPaid,,,,,,,,,,1000.000,,
IncomeTaxesPaidNet,,2000.000,,,,1000.000,,,,,,
IncreaseDecreaseInAccountsPayable,,-37000.000,,,,-5000.000,,,,1000.000,,
IncreaseDecreaseInAccountsReceivable,,-74000.000,,,,-14000.000,,,,226000.000,,
IncreaseDecreaseInAccruedLiabilities,,-285000.000,,,,-74000.000,,,,-62000.000,,
IncreaseDecreaseInDeferredIncomeTaxes,,,,,,,,,,-6000.000,,
IncreaseDecreaseInDeferredRevenue,,105000.000,,,,44000.000,,,,58000.000,,
IncreaseDecreaseInInventories,,,,,,,,,,-4000.000,,
IncreaseDecreaseInPrepaidDeferredExpenseAndOtherAssets,,7000.000,,,,,,,,,,
IncreaseDecreaseInPrepaidExpense,,,,,,10000.000,,,,25000.000,,
IncrementalCommonSharesAttributableToCallOptionsAndWarrants,,,,,,,,,,625000.000,681000.000,693000.000
InterestExpense,-6000.000,,3000.000,,,,,,,,,
InvestmentIncomeInterest,1000.000,,,1000.000,,,1000.000,,,,,1000.000
LicenseAndMaintenanceRevenue,1171000.000,1210000.000,1322000.000,1168000.000,1252000.000,1349000.000,1233000.000,1034000.000,1355000.000,1419000.000,1469000.000,1556000.000
LicensesRevenue,922000.000,968000.000,1106000.000,890000.000,981000.000,1115000.000,962000.000,810000.000,1030000.000,1105000.000,1204000.000,1277000.000
MaintenanceRevenue,249000.000,242000.000,216000.000,278000.000,271000.000,234000.000,271000.000,224000.000,325000.000,314000.000,265000.000,279000.000
NetCashProvidedByUsedInFinancingActivities,,,,,,-9000.000,,,,,,
NetCashProvidedByUsedInFinancingActivitiesContinuingOperations,,,,,,-9000.000,,,,,,
NetCashProvidedByUsedInInvestingActivities,,-7000.000,,,,-11000.000,,,,-2000.000,,
NetCashProvidedByUsedInInvestingActivitiesContinuingOperations,,-7000.000,,,,-11000.000,,,,-2000.000,,
NetCashProvidedByUsedInOperatingActivities,,-229000.000,,,,29000.000,,,,-136000.000,,
NetCashProvidedByUsedInOperatingActivitiesContinuingOperations,,-229000.000,,,,29000.000,,,,-136000.000,,
NetIncomeLoss,3000.000,15000.000,29000.000,4000.000,20000.000,29000.000,1389000.000,-90000.000,54000.000,,,87000.000
NonoperatingIncomeExpense,-5000.000,,-3000.000,1000.000,,,,,,,,
OperatingExpenses,1761000.000,1571000.000,1381000.000,1311000.000,1314000.000,1372000.000,1305000.000,1241000.000,1286000.000,1420000.000,1472000.000,1490000.000
OperatingIncomeLoss,8000.000,17000.000,36000.000,3000.000,6000.000,27000.000,13000.000,-152000.000,142000.000,53000.000,116000.000,130000.000
OtherExpenses,,,,,,3000.000,,,,,,
OtherIncome,,,,,,3000.000,4000.000,1000.000,0.000,,,1000.000
OtherNonoperatingIncome,,,,,,,,,,,,2000.000
OtherOperatingIncomeExpenseNet,,,,,,,5000.000,3000.000,,,,
PaymentsForRepurchaseOfCommonStock,,,,,,9000.000,,,,,,
PaymentsToAcquirePropertyPlantAndEquipment,,-7000.000,,,,,,,,2000.000,,
ProceedsFromOtherDeposits,,,,,,5000.000,,,,,,
ProfitLoss,,,,,,,,,,47000.000,39000.000,87000.000
PropertyPlantAndEquipmentAdditions,,,,,,-16000.000,,,,,,
ProvisionForDoubtfulAccounts,,,,,,,,,,20000.000,,
ResearchAndDevelopmentExpense,331000.000,218000.000,232000.000,296000.000,283000.000,191000.000,206000.000,268000.000,187000.000,283000.000,268000.000,223000.000
Revenues,1769000.000,1588000.000,1417000.000,1314000.000,1320000.000,1399000.000,1318000.000,1089000.000,1428000.000,1473000.000,1588000.000,1620000.000
SalesRevenueNet,1769000.000,1588000.000,1417000.000,1314000.000,1320000.000,1396000.000,1314000.000,1088000.000,1428000.000,1473000.000,1588000.000,1619000.000
SellingAndMarketingExpense,257000.000,271000.000,239000.000,226000.000,286000.000,266000.000,232000.000,211000.000,248000.000,257000.000,268000.000,315000.000
ShareBasedCompensation,,25000.000,,,,22000.000,,,,31000.000,,
ShareBasedCompensationArrangementByShareBasedPaymentAwardOptionsGrantsInPeriod,,,,,,0.000,,,,0.000,,
StockRepurchasedDuringPeriodValue,,,,,,-9000.000,,,,,,
TechnologyServicesRevenue,598000.000,378000.000,95000.000,146000.000,68000.000,50000.000,85000.000,55000.000,73000.000,54000.000,119000.000,64000.000
WeightedAverageNumberOfDilutedSharesOutstanding,46374000.000,45763000.000,46353000.000,46458000.000,-92193000.000,46373000.000,46144000.000,45227000.000,-91652000.000,45852000.000,45908000.000,45920000.000
WeightedAverageNumberOfSharesOutstandingBasic,45318000.000,45698000.000,45722000.000,45727000.000,-91429000.000,45746000.000,45530000.000,45227000.000,-91072000.000,45227000.000,45227000.000,45227000.000
