,2011-06-30,2011-09-30,2012-03-31,2012-06-30,2012-09-30,2012-12-31,2013-03-31,2013-06-30,2013-09-30,2013-12-31,2014-03-31,2014-06-30,2014-09-30,2014-12-31,2015-03-31,2015-06-30,2015-09-30,2015-12-31,2016-03-31,2016-06-30,2016-09-30,2016-12-31,2017-03-31
AmortizationOfDebtDiscountPremium,,,1000000.000,,,,-109000.000,,,,-104000.000,,,,-57000.000,,,,-56000.000,,,,-68000.000
BusinessAcquisitionsProFormaRevenue,,,,,,,,,,,,,,,,,,,,,17200000.000,,
BusinessCombinationSeparatelyRecognizedTransactionsExpensesAndLossesRecognized,,,,,,,,,,,,,,,,,,,,,47000.000,,
BusinessCombinationSeparatelyRecognizedTransactionsRevenuesAndGainsRecognized,,,,,,,,,,,,,,,,,,,,,723000.000,,
BusinessCombinationStepAcquisitionEquityInterestInAcquireeRemeasurementGain,,,,,,,,,,,316000.000,,25093000.000,,0.000,,,,,,,,27196000.000
CashAndCashEquivalentsPeriodIncreaseDecrease,,,-7860000.000,,,,273000.000,,,,250000.000,,,,90000.000,,,,422000.000,,,,137000.000
CommonStockDividendsPerShareCashPaid,,,,0.615,0.615,,0.620,0.625,0.625,0.625,0.625,0.630,0.630,0.635,0.635,0.640,0.640,0.645,0.645,0.650,0.650,0.655,0.655
ComprehensiveIncomeNetOfTax,,,,,,,,,,,3792000.000,3336000.000,28182000.000,16210000.000,3658000.000,12009000.000,3647000.000,4371000.000,4449000.000,4480000.000,3834000.000,4651000.000,31544000.000
CostsAndExpenses,3433000.000,4203000.000,9743000.000,9847000.000,9395000.000,8605000.000,9132000.000,9100000.000,8855000.000,8647000.000,9431000.000,9577000.000,10560000.000,11171000.000,10968000.000,11448000.000,10593000.000,10304000.000,10685000.000,10928000.000,11719000.000,11635000.000,11786000.000
DepreciationAndAmortization,1539000.000,1799000.000,5220000.000,5001000.000,5263000.000,4732000.000,4814000.000,4722000.000,4577000.000,4640000.000,4826000.000,4782000.000,5247000.000,6030000.000,5523000.000,5870000.000,5424000.000,5291000.000,5436000.000,5543000.000,5893000.000,6084000.000,6145000.000
DepreciationDepletionAndAmortization,,,,,,,4837000.000,,,,4849000.000,,,,5545000.000,,,,5458000.000,,,,6167000.000
DividendsCash,,,,7800000.000,7800000.000,,7900000.000,7900000.000,7900000.000,,,,,,,,,,,,,,
EarningsPerShareBasic,0.290,0.260,0.750,0.190,0.240,0.360,0.270,0.230,0.260,0.280,0.290,0.260,2.180,1.260,0.280,0.900,0.270,0.330,0.330,0.340,0.280,0.330,2.320
EarningsPerShareDiluted,0.290,0.260,0.750,0.190,0.240,0.360,0.270,0.230,0.260,0.280,0.290,0.260,2.180,1.260,0.280,0.900,0.270,0.330,0.330,0.340,0.280,0.330,2.320
EquityMethodInvestmentRealizedGainLossOnDisposal,,,7375000.000,0.000,0.000,1145000.000,0.000,0.000,0.000,0.000,,,,,,,,,,,,,
EquityMethodInvestmentSummarizedFinancialInformationNetIncomeLoss,,,,542000.000,580000.000,,760000.000,104000.000,520000.000,520000.000,724000.000,610000.000,726000.000,1234000.000,1049000.000,974000.000,887000.000,856000.000,1113000.000,1296000.000,1165000.000,1120000.000,1128000.000
EquityMethodInvestmentSummarizedFinancialInformationRevenue,,,,5347000.000,5514000.000,,5039000.000,5206000.000,5320000.000,5436000.000,4909000.000,5014000.000,3905000.000,3464000.000,3585000.000,3576000.000,3638000.000,3548000.000,3736000.000,3925000.000,3776000.000,3815000.000,3583000.000
GainLossOnSaleOfEquityInvestments,,,,,,,,,,,316000.000,,,,,,,,,,,,
GainLossOnSaleOfPropertyPlantEquipment,,,,,,,,,,,,,,,,8742000.000,,,,,,,
IncomeLossFromEquityMethodInvestments,727000.000,875000.000,554000.000,604000.000,645000.000,562000.000,569000.000,461000.000,515000.000,550000.000,593000.000,679000.000,499000.000,657000.000,592000.000,673000.000,561000.000,710000.000,1059000.000,1227000.000,1110000.000,1060000.000,1077000.000
IncomeLossFromEquityMethodInvestmentsNetOfDividendsOrDistributions,,,,,,,,,,,,,,,64000.000,,,,,,,,
IncreaseDecreaseInAccruedInterestReceivableNet,,,-13000.000,,,,52000.000,,,,-2000.000,,,,48000.000,,,,-34000.000,,,,63000.000
IncreaseDecreaseInAccruedLiabilitiesAndOtherOperatingLiabilities,,,-457000.000,,,,-501000.000,,,,-1129000.000,,,,-658000.000,,,,-1014000.000,,,,-230000.000
IncreaseDecreaseInDeferredRentReceivables,,,527000.000,,,,,,,,,,,,,,,,,,,,
IncreaseDecreaseInOtherOperatingCapitalNet,,,73000.000,,,,-55000.000,,,,114000.000,,,,228000.000,,,,-70000.000,,,,158000.000
InterestExpense,368000.000,718000.000,2023000.000,1956000.000,1874000.000,1915000.000,1895000.000,1922000.000,1805000.000,1850000.000,1992000.000,2011000.000,2149000.000,2224000.000,2130000.000,2012000.000,2015000.000,2067000.000,2172000.000,,,,
InterestIncomeExpenseNet,,,,,,,,,,,,,,,,,,,,-2237000.000,-2374000.000,,-2675000.000
InterestIncomeOther,,,,,,,257000.000,620000.000,511000.000,512000.000,352000000.000,360000000.000,122000.000,-711288000.000,0.000,0.000,0.000,200000.000,,,,,
InterestPaidNet,,,2055000.000,,,,1953000.000,,,,1980000.000,,,,2115000.000,,,,2072000.000,,,,2673000.000
InvestmentIncomeInterest,,,,434000.000,,,,,,,,,,,,,,,,,,,
NetCashProvidedByUsedInFinancingActivities,,,-7747000.000,,,,-6644000.000,,,,1181000.000,,,,12320000.000,,,,8109000.000,,,,-51655000.000
NetCashProvidedByUsedInFinancingActivitiesContinuingOperations,,,-7747000.000,,,,-6644000.000,,,,1181000.000,,,,12320000.000,,,,8109000.000,,,,-51655000.000
NetCashProvidedByUsedInInvestingActivities,,,-7120000.000,,,,-705000.000,,,,-7897000.000,,,,-20459000.000,,,,-16781000.000,,,,42298000.000
NetCashProvidedByUsedInInvestingActivitiesContinuingOperations,,,-7120000.000,,,,-705000.000,,,,-7897000.000,,,,-20459000.000,,,,-16781000.000,,,,42298000.000
NetCashProvidedByUsedInOperatingActivities,,,7007000.000,,,,7622000.000,,,,6966000.000,,,,8229000.000,,,,9094000.000,,,,9494000.000
NetCashProvidedByUsedInOperatingActivitiesContinuingOperations,,,7007000.000,,,,7622000.000,,,,6966000.000,,,,8229000.000,,,,9094000.000,,,,9494000.000
NetIncomeLoss,3692000.000,3348000.000,9514000.000,2467000.000,2986000.000,4510000.000,3427000.000,2941000.000,3303000.000,3498000.000,3774000.000,3408000.000,28141000.000,16228000.000,3696000.000,12004000.000,3639000.000,4352000.000,4428000.000,4523000.000,3818000.000,4446000.000,31562000.000
OperatingExpenses,,,,,2327000.000,,,,,,,,,,,,,,,,,,
OperatingIncomeLoss,3333000.000,3191000.000,3608000.000,3819000.000,4215000.000,4718000.000,4753000.000,4402000.000,4593000.000,4798000.000,4857000.000,4740000.000,4698000.000,4752000.000,5234000.000,4601000.000,5093000.000,5709000.000,5541000.000,5533000.000,5082000.000,5958000.000,5964000.000
OperatingLeasesIncomeStatementMinimumLeaseRevenue,3261000.000,3266000.000,3756000.000,3732000.000,4068000.000,3882000.000,3790000.000,3804000.000,3587000.000,3592000.000,3914000.000,3916000.000,3864000.000,3907000.000,3906000.000,3991000.000,4019000.000,4039000.000,4081000.000,4079000.000,4066000.000,4073000.000,4080000.000
OtherComprehensiveIncomeLossNetOfTaxPortionAttributableToParent,,,,,,,,,,,18000.000,-72000.000,41000.000,-18000.000,-38000.000,5000.000,8000.000,19000.000,21000.000,-43000.000,16000.000,205000.000,-18000.000
OtherComprehensiveIncomeLossReclassificationAdjustmentFromAOCIOnDerivativesNetOfTax,,,,,,,,,,,-15000.000,-23000.000,-23000.000,-23000.000,-23000.000,-23000.000,-23000.000,-22000.000,-23000.000,-23000.000,-23000.000,,
OtherComprehensiveIncomeUnrealizedGainLossOnDerivativesArisingDuringPeriodNetOfTax,,,,,,,,,,,3000.000,-95000.000,18000.000,-41000.000,-61000.000,-18000.000,-15000.000,-3000.000,-2000.000,-66000.000,-7000.000,274000.000,-18000.000
OtherCostAndExpenseOperating,1414000.000,1424000.000,3470000.000,4196000.000,3578000.000,3331000.000,3665000.000,3744000.000,3636000.000,3364000.000,3933000.000,4134000.000,4462000.000,4353000.000,4722000.000,4738000.000,4461000.000,4231000.000,4400000.000,4540000.000,4663000.000,4617000.000,4705000.000
OwnedPropertyManagementCosts,480000.000,525000.000,533000.000,521000.000,540000.000,525000.000,571000.000,585000.000,603000.000,610000.000,610000.000,620000.000,653000.000,662000.000,666000.000,693000.000,708000.000,743000.000,767000.000,781000.000,832000.000,883000.000,866000.000
PaymentsForAdvanceToAffiliate,,,8000000.000,,,,519000.000,,,,0.000,,,,,,,,,,,,
PaymentsForDepositsOnRealEstateAcquisitions,,,-100000.000,,,,,,,,,,,,,,,,,,,,
PaymentsForProceedsFromDepositsOnRealEstateAcquisitions,,,,,,,0.000,,,,,,,,,,,,,,,,
PaymentsOfDividends,,,7728000.000,,,,7867000.000,,,,8050000.000,8100000.000,8100000.000,8468000.000,8446000.000,8500000.000,8500000.000,8643000.000,8596000.000,8800000.000,8800000.000,8942000.000,8907000.000
PaymentsOfFinancingCosts,,,,,,,95000.000,,,,0.000,,,,913000.000,,,,35000.000,,,,35000.000
PaymentsToAcquireAdditionalInterestInSubsidiaries,,,,,,,,,,,170000.000,,,,2250000.000,,,,,,,,7890000.000
PaymentsToAcquireBuildings,,,7324000.000,,,,0.000,,,,7050000.000,,,,,,,,,,,,
PaymentsToAcquireInvestments,,,284000.000,,,,541000.000,,,,442000.000,,,,321000.000,,,,5386000.000,,,,371000.000
PaymentsToAcquirePropertyPlantAndEquipment,,,,,,,,,,,,,,,16765000.000,,,,9910000.000,,,,
PercentageRent,1092000.000,1013000.000,1116000.000,1038000.000,955000.000,1033000.000,1098000.000,1041000.000,1075000.000,1046000.000,1150000.000,1222000.000,1157000.000,1078000.000,1218000.000,1150000.000,1085000.000,1112000.000,1246000.000,1193000.000,1118000.000,1166000.000,1288000.000
ProceedsFromCollectionOfAdvanceToAffiliate,,,436000.000,,,,26000.000,,,,0.000,,,,,,,,209000.000,,,,216000.000
ProceedsFromIssuanceOrSaleOfEquity,,,118000.000,,,,52000.000,,,,2477000.000,,,,1172000.000,,,,30000.000,,,,61000.000
ProceedsFromLongTermLinesOfCredit,,,3050000.000,,,,2400000.000,,,,7550000.000,,,,26250000.000,,,,17500000.000,,,,
ProceedsFromRepaymentsOfLinesOfCredit,,,,,,,,,,,,,,,,,,,,,,,-31600000.000
ProceedsFromRepaymentsOfNotesPayable,,,,,,,11150000.000,,,,0.000,,,,,,,,,,,,
ProceedsFromSaleOfOtherPropertyPlantAndEquipment,,,8077000.000,,,,0.000,,,,,,,,,,,,,,,,
ProceedsFromSaleOfPropertyPlantAndEquipment,,,,,,,,,,,,,,,,,,,0.000,,,,
RealEstatePeriodIncreaseDecrease,,,-931000.000,,,,-434000.000,,,,-641000.000,,,,-2168000.000,,,,-1841000.000,,,,-4181000.000
RepaymentsOfSecuredDebt,,,3187000.000,,,,12284000.000,,,,796000.000,,,,5743000.000,,,,790000.000,,,,11174000.000
Revenues,6766000.000,7394000.000,13351000.000,13666000.000,13610000.000,13323000.000,13885000.000,13502000.000,13448000.000,13445000.000,14288000.000,14317000.000,15258000.000,15923000.000,16202000.000,16049000.000,15686000.000,16013000.000,16226000.000,16461000.000,16801000.000,17593000.000,17750000.000
SalesRevenueNet,6766000.000,7394000.000,13351000.000,13666000.000,13610000.000,13323000.000,13885000.000,13502000.000,13448000.000,13445000.000,14288000.000,14317000.000,15258000.000,15923000.000,16202000.000,16049000.000,15686000.000,16013000.000,16226000.000,16461000.000,16801000.000,17593000.000,17750000.000
ShareBasedCompensation,,,70000.000,,,,91000.000,,,,96000.000,,,,101000.000,,,,111000.000,,,,127000.000
WeightedAverageNumberDilutedSharesOutstandingAdjustment,9000.000,3000.000,5000.000,6000.000,10.000,-3010.000,16000.000,13000.000,13000.000,-30000.000,6000.000,6000.000,7000.000,-12000.000,11000.000,10000.000,4000.000,-17000.000,7000.000,7000.000,,,
WeightedAverageNumberOfDilutedSharesOutstanding,12651000.000,12651000.000,12657000.000,12664000.000,12676.000,-12664676.000,12687000.000,12688000.000,12694000.000,-25368000.000,12854000.000,12908000.000,12918000.000,-25746000.000,13294000.000,13296000.000,13302000.000,-26591000.000,13314000.000,13404000.000,13575000.000,-26825000.000,13580000.000
WeightedAverageNumberOfSharesOutstandingBasic,12642000.000,12648000.000,12652000.000,12658000.000,12666.000,-12661666.000,12671000.000,12675000.000,12681000.000,-25338000.000,12848000.000,12902000.000,12911000.000,-25734000.000,13283000.000,13286000.000,13298000.000,-26574000.000,13307000.000,13397000.000,13575000.000,-26815000.000,13580000.000
