,2011-07-31,2011-10-31,2012-01-31,2012-04-30,2012-07-31,2012-10-31,2013-01-31,2013-04-30,2013-07-31,2013-10-31,2014-01-31,2014-04-30,2014-07-31,2014-10-31,2015-01-31,2015-04-30,2015-07-31,2015-10-31,2016-01-31,2016-04-30,2016-07-31,2016-10-31,2017-01-31,2017-04-30
AllocatedShareBasedCompensationExpense,,,,,,,,,,,,,266000.000,,,,664000.000,,,,532000.000,,,
AllocatedShareBasedCompensationExpenseNetOfTax,,,,,504000.000,,,,406000.000,,,,166000.000,,,,416000.000,,,,334000.000,,,
AllowanceForLoanAndLeaseLossesProvisionForLossNet,,,,,21663000.000,,,,,,,,,,,,,,,,,,,
AmortizationOfFinancingCostsAndDiscounts,44000.000,,,,46000.000,,,,73000.000,,,,46000.000,,,,48000.000,,,,70000.000,,,
AntidilutiveSecuritiesExcludedFromComputationOfEarningsPerShareAmount,,,,,35000.000,45000.000,45000.000,-85000.000,60000.000,80000.000,80000.000,-142500.000,70000.000,89000.000,74000.000,-156750.000,258000.000,,,,,,,
CashAndCashEquivalentsPeriodIncreaseDecrease,-4000.000,,,,-77000.000,,,,16000.000,,,,20000.000,,,,-55000.000,,,,-231000.000,,,
ConcentrationRiskPercentage1,,,,,0.410,,,,0.370,,,,,,,,,,,,,,,
CostOfRevenue,51562000.000,57807000.000,54298000.000,59725000.000,56185000.000,56204000.000,60941000.000,65765000.000,62789000.000,62823000.000,62092000.000,63615000.000,65471000.000,68156000.000,66672000.000,72147000.000,75087000.000,71596000.000,72702000.000,85501000.000,75513000.000,77997000.000,71836000.000,79581000.000
CostsAndExpenses,87274000.000,98291000.000,93625000.000,98208000.000,97019000.000,98606000.000,106412000.000,111983000.000,110574000.000,112215000.000,120169000.000,112557000.000,115760000.000,121852000.000,119740000.000,125935000.000,135327000.000,133778000.000,130922000.000,149381000.000,134502000.000,142207000.000,134261000.000,144539000.000
DeferredIncomeTaxExpenseBenefit,247000.000,,,,277000.000,,,,-34000.000,,,,1161000.000,,,,469000.000,,,,943000.000,,,
DepreciationAndAmortization,,,,,,,,,,,,,,,,,1010000.000,1038000.000,1008000.000,1152000.000,1096000.000,1080000.000,1059000.000,1037000.000
DepreciationDepletionAndAmortization,538000.000,565000.000,594000.000,632000.000,662000.000,696000.000,712000.000,756000.000,777000.000,795000.000,835000.000,878000.000,918000.000,929000.000,935000.000,1048000.000,1010000.000,,,,1096000.000,,,
DistributionsOnMandatorilyRedeemableSecurities,10000.000,10000.000,10000.000,10000.000,10000.000,10000.000,10000.000,-70000.000,-10000.000,-10000.000,-10000.000,-10000.000,-10000.000,-10000.000,-10000.000,70000.000,-10000.000,-10000.000,-10000.000,,,,,
EarningsPerShareBasic,0.810,0.790,0.760,1.000,0.870,0.800,0.880,0.980,0.830,0.640,0.160,0.730,0.830,0.870,0.870,0.850,0.540,-0.060,0.490,0.410,0.890,0.640,0.360,0.680
EarningsPerShareDiluted,0.780,0.770,0.730,0.960,0.830,0.760,0.840,0.930,0.790,0.610,0.160,0.690,0.790,0.830,0.820,0.810,0.520,-0.060,0.470,0.400,0.870,0.620,0.350,0.650
ExcessTaxBenefitFromShareBasedCompensationFinancingActivities,,,,,,,,,5000.000,,,,77000.000,,,,191000.000,,,,,,,
ExcessTaxBenefitFromShareBasedCompensationOperatingActivities,,,,,,,,,5000.000,,,,77000.000,,,,191000.000,,,,,,,
FairValueInputsDiscountRate,,,,,0.375,,,,0.375,,,,,,,,,,,,,,,
FairValueOfAssetsAcquired,,,,,9200000.000,,,,10382000.000,,,,10086000.000,,,,11743000.000,,,,8569000.000,,,
FinancingReceivableAllowanceForCreditLossesWriteOffs,,,,,18989000.000,,,,23067000.000,,,,,,,,95600000.000,,,,,,,
GainLossOnDispositionOfAssets,,,,,,,,,-41000.000,2000.000,-37000.000,0.000,,-20000.000,,,,-19000.000,-27000.000,,-400000.000,1000.000,-7000.000,-798000.000
GainLossOnSaleOfPropertyPlantEquipment,,,,,,,,,-41000.000,,,,,,,,,,,,-400000.000,,,
GoodwillImpairmentLoss,,,,,,,,,0.000,,,,0.000,,,,0.000,,,,0.000,,,
IncomeLossFromContinuingOperationsBeforeIncomeTaxesDomestic,13250000.000,12516000.000,11740000.000,15273000.000,12981000.000,11613000.000,12510000.000,13552000.000,11970000.000,9216000.000,2419000.000,10067000.000,11616000.000,11982000.000,11760000.000,11676000.000,7363000.000,-774000.000,6541000.000,5368000.000,11338000.000,8003000.000,4523000.000,8378000.000
IncomeTaxExpenseBenefit,4968000.000,4756000.000,4436000.000,5632000.000,4863000.000,4335000.000,4530000.000,4763000.000,4429000.000,3411000.000,949000.000,3754000.000,4356000.000,4463000.000,4299000.000,4426000.000,2747000.000,-289000.000,2439000.000,2005000.000,4229000.000,2985000.000,1687000.000,3136000.000
IncomeTaxesPaidNet,,,,,1286000.000,,,,378000.000,,,,-486000.000,,,,86000.000,,,,451000.000,,,
IncreaseDecreaseInAccountsPayableAndAccruedLiabilities,-1717000.000,,,,-1615000.000,,,,-236000.000,,,,4708000.000,,,,1890000.000,,,,3678000.000,,,
IncreaseDecreaseInAccruedIncomeTaxesPayable,5510000.000,,,,3301000.000,,,,4085000.000,,,,3681000.000,,,,2192000.000,,,,2834000.000,,,
IncreaseDecreaseInAccruedInterestReceivableNet,242000.000,,,,153000.000,,,,189000.000,,,,139000.000,,,,-192000.000,,,,441000.000,,,
IncreaseDecreaseInDeferredRevenue,301000.000,,,,557000.000,,,,461000.000,,,,,,,,,,,,,,,
IncreaseDecreaseInInventories,-4903000.000,,,,-8571000.000,,,,-11487000.000,,,,-7173000.000,,,,-7690000.000,,,,-4624000.000,,,
IncreaseDecreaseInPrepaidDeferredExpenseAndOtherAssets,136000.000,,,,-141000.000,,,,-23000.000,,,,52000.000,,,,-305000.000,,,,-38000.000,,,
InterestAndFeeIncomeLoansConsumerInstallmentAutomobilesMarineAndOtherVehicles,10200000.000,10679000.000,11408000.000,11033000.000,11703000.000,12025000.000,12707000.000,12501000.000,13395000.000,13666000.000,14188000.000,13434000.000,13917000.000,14399000.000,15094000.000,14342000.000,15095000.000,15334000.000,15672000.000,15288000.000,16156000.000,17040000.000,17521000.000,16885000.000
InterestExpense,442000.000,575000.000,659000.000,609000.000,653000.000,708000.000,795000.000,781000.000,790000.000,722000.000,779000.000,706000.000,675000.000,721000.000,788000.000,719000.000,760000.000,792000.000,831000.000,923000.000,944000.000,1036000.000,1060000.000,1029000.000
InterestPaid,,,,,665000.000,,,,801000.000,,,,681000.000,,,,990000.000,,,,944000.000,,,
LateFeeIncomeGeneratedByServicingFinancialAssetsAmount,,,,,461000.000,,,,535000.000,,,,560000.000,,,,526000.000,,,,461000.000,,,
NetCashProvidedByUsedInFinancingActivities,-513000.000,,,,-337000.000,,,,579000.000,,,,-3050000.000,,,,1301000.000,,,,4587000.000,,,
NetCashProvidedByUsedInFinancingActivitiesContinuingOperations,-513000.000,,,,-337000.000,,,,579000.000,,,,-3050000.000,,,,1301000.000,,,,4587000.000,,,
NetCashProvidedByUsedInInvestingActivities,-734000.000,,,,-925000.000,,,,-1786000.000,,,,-987000.000,,,,-1398000.000,,,,-523000.000,,,
NetCashProvidedByUsedInInvestingActivitiesContinuingOperations,-734000.000,,,,-925000.000,,,,-1786000.000,,,,-987000.000,,,,-1398000.000,,,,-523000.000,,,
NetCashProvidedByUsedInOperatingActivities,1243000.000,,,,1185000.000,,,,1223000.000,,,,4057000.000,,,,42000.000,,,,-4295000.000,,,
NetCashProvidedByUsedInOperatingActivitiesContinuingOperations,1243000.000,,,,1185000.000,,,,1223000.000,,,,4057000.000,,,,42000.000,,,,-4295000.000,,,
NetIncomeLossAvailableToCommonStockholdersBasic,,,,,,,,,,,,,,,,,,,,,7099000.000,5008000.000,2826000.000,5232000.000
NetIncomeLossAvailableToCommonStockholdersDiluted,8272000.000,7750000.000,7294000.000,9631000.000,8108000.000,7268000.000,7970000.000,8779000.000,7531000.000,5795000.000,1460000.000,6303000.000,7250000.000,7509000.000,7451000.000,7240000.000,4606000.000,-495000.000,4092000.000,,,,,
NumberOfReportableSegments,,,,,1.000,,,,1.000,,,,1.000,,,,1.000,,,,1.000,,,
PaymentsForRepurchaseOfCommonStock,11096000.000,,,,9417000.000,,,,384000.000,,,,2760000.000,,,,2311000.000,,,,7165000.000,,,
PaymentsOfDebtIssuanceCosts,,,,,,,,,200000.000,,,,,,,,,,,,,,,
PaymentsOfDividends,10000.000,,,,10000.000,,,,10000.000,,,,10000.000,,,,10000.000,,,,10000.000,,,
PaymentsToAcquirePropertyPlantAndEquipment,734000.000,,,,925000.000,,,,1786000.000,,,,987000.000,,,,1398000.000,,,,523000.000,,,
PreferredStockDividendsAndOtherAdjustments,,,,,,,,,,,,,,,,,,,,,10000.000,10000.000,10000.000,10000.000
ProceedsFromCollectionOfFinanceReceivables,45815000.000,,,,48279000.000,,,,51069000.000,,,,54317000.000,,,,58943000.000,,,,58036000.000,,,
ProceedsFromIssuanceOfCommonStock,53000.000,,,,69000.000,,,,79000.000,,,,78000.000,,,,69000.000,,,,35000.000,,,
ProceedsFromIssuanceOfSharesUnderIncentiveAndShareBasedCompensationPlansIncludingStockOptions,1000.000,,,,,,,,36000.000,,,,268000.000,,,,245000.000,,,,77000.000,,,
ProceedsFromLinesOfCredit,37307000.000,,,,77420000.000,,,,73996000.000,,,,76046000.000,,,,87857000.000,,,,94410000.000,,,
ProceedsFromRepaymentsOfBankOverdrafts,601000.000,,,,1713000.000,,,,919000.000,,,,2109000.000,,,,392000.000,,,,2088000.000,,,
ProceedsFromStockOptionsExercised,,,,,,,,,35000.000,,,,268000.000,,,,245000.000,,,,77000.000,,,
ProfitLoss,8282000.000,7760000.000,7304000.000,9641000.000,8118000.000,7278000.000,7980000.000,8789000.000,7541000.000,5805000.000,1470000.000,6313000.000,7260000.000,7519000.000,7461000.000,7250000.000,4616000.000,-485000.000,4102000.000,3363000.000,7109000.000,5018000.000,2836000.000,5242000.000
ProvisionForLoanAndLeaseLosses,,,,,,,,,-26530000.000,,,,-27876000.000,,,,,,,,,,37645000.000,
ProvisionForLoanLossesExpensed,18534000.000,22623000.000,20899000.000,19582000.000,21663000.000,23647000.000,25189000.000,25536000.000,26530000.000,28296000.000,36776000.000,27645000.000,27876000.000,31371000.000,30206000.000,30836000.000,35345000.000,38094000.000,32786000.000,38172000.000,33381000.000,39441000.000,,
RepaymentsOfLinesOfCredit,27369000.000,,,,70112000.000,,,,73862000.000,,,,78858000.000,,,,85132000.000,,,,84822000.000,,,
RepaymentsOfNotesPayable,,,,,,,,,,,,,,,,,,,,,26000.000,,,
Revenues,100524000.000,110807000.000,105365000.000,113481000.000,110000000.000,110219000.000,118922000.000,125535000.000,122544000.000,121431000.000,122588000.000,122624000.000,127376000.000,133834000.000,131500000.000,137611000.000,142690000.000,133004000.000,137463000.000,154749000.000,145840000.000,150210000.000,138784000.000,152917000.000
SalesRevenueGoodsNet,90324000.000,100128000.000,93957000.000,102448000.000,98297000.000,98194000.000,106215000.000,113034000.000,109149000.000,107765000.000,108400000.000,109190000.000,113459000.000,119435000.000,116406000.000,123269000.000,127595000.000,117670000.000,121791000.000,139461000.000,129684000.000,133170000.000,121263000.000,136032000.000
SalesRevenueNet,100524000.000,110807000.000,105365000.000,113481000.000,110000000.000,110219000.000,118922000.000,125535000.000,122544000.000,121431000.000,122588000.000,122624000.000,127376000.000,133834000.000,131500000.000,137611000.000,142690000.000,133004000.000,137463000.000,154749000.000,145840000.000,150210000.000,138784000.000,152917000.000
SellingGeneralAndAdministrativeExpense,16198000.000,16721000.000,17175000.000,17569000.000,17856000.000,17351000.000,18775000.000,19087000.000,19647000.000,19581000.000,19650000.000,19713000.000,20820000.000,20655000.000,21139000.000,21188000.000,23125000.000,22239000.000,23568000.000,23310000.000,23168000.000,22654000.000,22654000.000,23464000.000
ShareBasedCompensation,731000.000,,,,807000.000,,,,644000.000,,,,266000.000,,,,665000.000,,,,532000.000,,,
ShareBasedCompensationArrangementByShareBasedPaymentAwardFairValueAssumptionsExpectedVolatilityRate,,,,,0.500,,,,0.500,,,,0.350,,,,0.340,,,,0.360,,,
ShareBasedCompensationArrangementByShareBasedPaymentAwardFairValueAssumptionsRiskFreeInterestRate,,,,,0.008,,,,0.007,,,,0.017,,,,0.016,,,,0.013,,,
ShareBasedCompensationArrangementByShareBasedPaymentAwardOptionsExercisesInPeriodTotalIntrinsicValue,,,,,,,,,34000.000,,,,347000.000,,,,690000.000,,,,14000.000,,,
ShareBasedCompensationArrangementByShareBasedPaymentAwardOptionsGrantsInPeriodGross,,,,,30000.000,,,,,,,,20000.000,,,,,,,,,,,
ShareBasedCompensationArrangementByShareBasedPaymentAwardOptionsGrantsInPeriodWeightedAverageGrantDateFairValue,,,,,592000.000,,,,,,,,,,,,,,,,,,,
StockIssuedDuringPeriodSharesStockOptionsExercised,,,,,,,,,1500.000,,,,16750.000,,,,17750.000,,,,3750.000,,,
StockRepurchasedDuringPeriodShares,,,,,215846.000,,,,9020.000,,,,74683.000,,,,46000.000,,,,273092.000,,,
StockRepurchasedDuringPeriodValue,,,,,9400000.000,,,,384000.000,,,,2800000.000,,,,2300000.000,,,,7200000.000,,,
WeightedAverageNumberDilutedSharesOutstandingAdjustment,,,,,447326.000,473488.000,433860.000,-896823.000,472624.000,467834.000,452809.000,-932192.000,426718.000,418434.000,448325.000,-862384.000,396157.000,,248029.000,,236152.000,303900.000,282017.000,-565530.000
WeightedAverageNumberOfDilutedSharesOutstanding,10579824.000,10081274.000,9998290.000,-20503033.000,9752069.000,9579409.000,9451473.000,-19213249.000,9492852.000,9484654.000,9370635.000,-18956474.000,9143062.000,9022437.000,9036086.000,-18152628.000,8909597.000,8471918.000,8615757.000,-17331241.000,8185077.000,8136961.000,8175754.000,-16387015.000
WeightedAverageNumberOfSharesOutstandingBasic,10271359.000,9776817.000,9610125.000,-19864685.000,9304743.000,9105921.000,9017613.000,-18316426.000,9020228.000,9016820.000,8917826.000,-18024282.000,8716344.000,8604003.000,8587761.000,-17290244.000,8513440.000,8471918.000,8367728.000,-16982608.000,7948925.000,7833061.000,7893737.000,-15821485.000
