,2011-09-30,2011-12-31,2012-03-31,2013-03-31,2013-06-30,2013-09-30,2013-12-31,2014-03-31,2014-06-30,2014-09-30,2014-12-31,2015-03-31,2015-06-30,2015-09-30,2016-03-31,2016-06-30
AccretionExpense,,,,86981.000,,,,65899.000,,,,178260.000,,,2325.000,
AdjustmentForAmortization,,189.000,,,,,,,,,,,,,,
AdjustmentsToAdditionalPaidInCapitalShareBasedCompensationStockOptionsRequisiteServicePeriodRecognition,,,5669.000,,,,,176321.000,,,,45874.000,,,12284.000,
AdjustmentsToAdditionalPaidInCapitalWarrantIssued,,,,,,,,20752.000,,,,,,,,
AmortizationOfDebtDiscountPremium,,,,,,,,127610.000,143632.000,129961.000,138838.000,,,,,
AmortizationOfIntangibleAssets,189.000,,,,,,,,,,,,,,,
AntidilutiveSecuritiesExcludedFromComputationOfEarningsPerShareAmount,,,,,,,,,,,,46269230.000,46646145.000,,,
CashAndCashEquivalentsPeriodIncreaseDecrease,3484.000,,-120116.000,17835.000,,,,-648956.000,,,,2405.000,,,,
ComprehensiveIncomeNetOfTax,,,,-769916.000,-832853.000,-821952.000,-964853.000,-1114129.000,-885090.000,-871488.000,-885112.000,-623745.000,-685647.000,,-838587.000,-1928706.000
ConversionOfStockAmountIssued1,,,,,,,,,,,,,,,16363.000,
ConversionOfStockSharesIssued1,,,,,,,,,,,,,,,15000.000,
CostOfGoodsSold,,,1382.000,12367.000,4621.000,23465.000,37905.000,48669.000,19801.000,82398.000,22098.000,62128.000,27894.000,,,
CostsIncurredDevelopmentCosts,,,,,,,,136459.000,192260.000,163053.000,106513.000,,,,,
DebtInstrumentConvertibleBeneficialConversionFeature,,,,,,,,,,,,200000.000,,,16364.000,
DebtIssuanceCostsIncurredDuringNoncashOrPartialNoncashTransaction,,,,,,,,,,,,202916.000,,,32577.000,
DepreciationDepletionAndAmortization,,,238648.000,120165.000,,,,136516.000,,,,135395.000,,,,
DisposalGroupIncludingDiscontinuedOperationForeignCurrencyTranslationGainsLosses,,,,,,,,9882.000,,,,-1275.000,,,,
EarningsPerShareBasicAndDiluted,,,,,,,,,,,,,,,-0.070,-0.150
EmbeddedDerivativeGainLossOnEmbeddedDerivativeNet,,,,,,,,,,,,-637.000,,,,
EmployeeServiceShareBasedCompensationUnrecognizedCompensationCostsOnNonvestedAwardsWeightedAveragePeriodOfRecognition,,,,2.500,,,,,,,,,,,,
ExtinguishmentOfDebtGainLossIncomeTax,,,,,,,,,,65869.000,,,,,,
FairValueAssumptionsExpectedDividendRate,,,,,,,,0.000,,,,0.000,,,,
FairValueAssumptionsExpectedVolatilityRate,,,,,,,,,,,,0.496,,,,
FairValueAssumptionsRiskFreeInterestRate,,,,,,,,,,,,0.011,,,,
ForeignCurrencyTransactionGainLossBeforeTax,,,,,3251.000,3251.000,,9882.000,-2001.000,126.000,6318.000,-1275.000,14082.000,,,
GainsLossesOnExtinguishmentOfDebt,,,,,,,,,,,,,,,,-190000.000
GeneralAndAdministrativeExpense,4466.000,,313044.000,337072.000,321643.000,583023.000,1026293.000,676259.000,380761.000,526535.000,651457.000,252266.000,232596.000,,832369.000,1679986.000
GrossProfit,,,9376.000,12503.000,55010.000,44434.000,-13868.000,11757.000,5093.000,27821.000,10018.000,56551.000,38564.000,,,
IncomeLossFromContinuingOperations,,,,,,,,-1029539.000,-785876.000,-721648.000,-535352.000,-390414.000,-380982.000,,,
IncomeLossFromContinuingOperationsBeforeIncomeTaxesExtraordinaryItemsNoncontrollingInterest,,,,,,,,,,,,,,,-838587.000,-1928706.000
IncomeLossFromContinuingOperationsIncludingPortionAttributableToNoncontrollingInterest,,,,,,,,,,,,,,,-838587.000,-1928706.000
IncomeLossFromContinuingOperationsPerBasicAndDilutedShare,,-0.030,-0.020,-0.020,-0.020,-0.020,-0.020,-0.020,-0.020,-0.020,-0.010,-0.010,-0.010,,-0.070,-0.150
IncreaseDecreaseInAccountsPayable,-2050.000,,-20975.000,64234.000,,,,151099.000,,,,29318.000,,,56738.000,
IncreaseDecreaseInAccountsReceivable,,,,-25117.000,,,,-790.000,,,,21419.000,,,,
IncreaseDecreaseInAccruedLiabilities,,,-62843.000,,,,,,,,,,,,,
IncreaseDecreaseInAccruedLiabilitiesAndOtherOperatingLiabilities,,,,87146.000,,,,-61086.000,,,,148786.000,,,54034.000,
IncreaseDecreaseInDeferredRentReceivables,,,-2534.000,,,,,,,,,,,,,
IncreaseDecreaseInDeferredRevenue,,,8250.000,113900.000,,,,-17001.000,,,,-26111.000,,,,
IncreaseDecreaseInInterestPayableNet,1568.000,,,,,,,,,,,,,,,
IncreaseDecreaseInOtherCurrentAssets,,,,,,,,,,,,-2895.000,,,,
IncreaseDecreaseInOtherDeferredLiability,,,,-2536.000,,,,1884.000,,,,,,,,
IncreaseDecreaseInPrepaidDeferredExpenseAndOtherAssets,,,6458.000,,,,,8407.000,,,,25216.000,,,-12750.000,
IncreaseDecreaseInPrepaidExpense,,,,,,,,,,,,,,,11348.000,
IncreaseDecreaseInReceivables,,,901.000,,,,,,,,,,,,,
InterestExpense,1568.000,1609.000,,-119264.000,-86045.000,-95236.000,693190.000,94472.000,97213.000,84097.000,106159.000,232056.000,318747.000,,6218.000,58720.000
InterestExpenseDebt,,,,,,,,,2500.000,,,,,,,
InterestExpenseRelatedParty,,,,,,,,,,,,,20557.000,24727.000,,
InterestPaid,,,,,,,,9603.000,,,,,,,,
IssuanceOfStockAndWarrantsForServicesOrClaims,,,37453.000,,,,,,,,,,,,,
NetCashProvidedByUsedInContinuingOperations,,,,,,,,,,,,,,,-10304.000,
NetCashProvidedByUsedInFinancingActivities,,,582946.000,302867.000,,,,144748.000,,,,204136.000,,,114000.000,
NetCashProvidedByUsedInFinancingActivitiesContinuingOperations,,,582946.000,302867.000,,,,144748.000,,,,204136.000,,,114000.000,
NetCashProvidedByUsedInInvestingActivities,,,-272257.000,-112007.000,,,,-136460.000,,,,-47681.000,,,,
NetCashProvidedByUsedInInvestingActivitiesContinuingOperations,,,-272257.000,-112007.000,,,,-136460.000,,,,-47681.000,,,,
NetCashProvidedByUsedInOperatingActivities,3484.000,,-430805.000,-173026.000,,,,-657244.000,,,,-154051.000,,,-124304.000,
NetCashProvidedByUsedInOperatingActivitiesContinuingOperations,3484.000,,-430805.000,-173026.000,,,,-657244.000,,,,-154051.000,,,-124304.000,
NetIncomeLoss,3777.000,-27123.000,-641832.000,-773446.000,-836104.000,-825203.000,-966769.000,-1124011.000,-883089.000,-871614.000,-891430.000,-622470.000,,,-838587.000,-1928706.000
NonoperatingIncomeExpense,8432.000,,,,,,,,,,,,,,,
OperatingExpenses,,,651208.000,666685.000,805069.000,774401.000,860801.000,1041296.000,790969.000,749469.000,545370.000,446965.000,419546.000,,832369.000,1679986.000
OperatingIncomeLoss,-4655.000,-15514.000,-641832.000,,,,,,,,,,-318747.000,,-832369.000,-1679986.000
OtherAmortizationOfDeferredCharges,189.000,,,,,,,,,,,,,,,
OtherExpenses,,,,,,,,,97213.000,,,,,,,
OtherNonoperatingIncome,,-10000.000,,,,,,,,,,,,,,
OtherNonoperatingIncomeExpense,10000.000,,,,,,,,,,,,,,,
OtherOperatingIncomeExpenseNet,,-11609.000,,,,,,,,,,,,,,
PaymentsForProceedsFromOtherInvestingActivities,,,150000.000,,,,,,,,,,,,,
PaymentsOfStockIssuanceCosts,,,,,,,,,,,,,,,6000.000,
PaymentsToAcquirePropertyPlantAndEquipment,,,,-4860.000,,,,,,,,,,,,
PaymentsToDevelopSoftware,,,122257.000,-107147.000,,,,136460.000,,,,46281.000,,,,
PercentageRent,,,,-654182.000,-750059.000,-729967.000,,,,,,,,,,
ProceedsFromConvertibleDebt,,,,35000.000,,,,100000.000,,,,,,,60000.000,
ProceedsFromIssuanceOfCommonStock,,,,248751.000,,,,45000.000,,,,,,,54000.000,
ProceedsFromIssuanceOfMediumTermNotes,,,,,,,,,,,,200000.000,,,,
ProceedsFromIssuanceOrSaleOfEquity,,,,,,,,,,,,,,,60000.000,
ProceedsFromNotesPayable,,,187175.000,,,,,,,,,,,,,
ProceedsFromOtherEquity,,,,,,,,,,,,200000.000,,,,
ProceedsFromRepaymentsOfRelatedPartyDebt,,,,34020.000,,,,,,,,4136.000,,,,
ProceedsFromSaleOfTreasuryStock,,,395771.000,,,,,,,,,,,,,
ProfessionalFees,,,,,,,,7015.000,,,,1438.000,,,,
ProfitLoss,,,,,,,,,,,,,,,-838587.000,
RecapitalizationCosts,,,-325000.000,,,,,,,,,,,,,
RepaymentOfNotesReceivableFromRelatedParties,,,,-14903.000,,,,-252.000,,,,,,,,
ResearchAndDevelopmentExpense,,,338164.000,329613.000,483426.000,191378.000,-165492.000,365037.000,410208.000,222934.000,-106087.000,194699.000,186950.000,,,
Revenues,,,10758.000,24870.000,59631.000,67899.000,24037.000,60426.000,24894.000,110219.000,32116.000,118679.000,66458.000,,,
RoyaltyExpense,,,,,,,,8588.000,,,,4171.000,,,,
SaleOfStockConsiderationReceivedPerTransaction,,,395771.000,,,,,,,,,,,,,
SalesRevenueNet,,,10758.000,24870.000,59631.000,67899.000,24037.000,60426.000,24894.000,110219.000,32116.000,118679.000,66458.000,,,
SellingGeneralAndAdministrativeExpense,,15325.000,,,,,,,,,,,,,,
ShareBasedCompensation,,,43122.000,97004.000,,,,176321.000,,,,45874.000,,,12284.000,
ShareBasedCompensationArrangementByShareBasedPaymentAwardNonOptionEquityInstrumentsForfeituresAndExpirations,,,,,,,,,,,,1000000.000,,,,
ShareBasedCompensationArrangementByShareBasedPaymentAwardOptionsForfeituresAndExpirationsInPeriod,,,,,,,,-1758185.000,,,,-25000.000,,,,
ShareBasedCompensationArrangementByShareBasedPaymentAwardOptionsForfeituresAndExpirationsInPeriodWeightedAverageExercisePrice,,,,,,,,0.550,,,,0.330,,,,
ShareBasedCompensationArrangementByShareBasedPaymentAwardOptionsGrantsInPeriod,,,,,,,,1134000.000,,,,,,,,
ShareBasedCompensationArrangementByShareBasedPaymentAwardOptionsGrantsInPeriodGross,,,,,,,,1134000.000,,,,130000.000,,,,
ShareBasedCompensationArrangementByShareBasedPaymentAwardOptionsGrantsInPeriodWeightedAverageGrantDateFairValue,,,,,,,,,,,,0.070,,,,
ShareBasedCompensationArrangementsByShareBasedPaymentAwardOptionsExercisesInPeriodWeightedAverageExercisePrice,,,,,,,,,,,,0.000,,,,
ShareBasedCompensationArrangementsByShareBasedPaymentAwardOptionsForfeituresInPeriodWeightedAverageExercisePrice,,,,,,,,,,,,0.300,,,,
ShareBasedCompensationArrangementsByShareBasedPaymentAwardOptionsGrantsInPeriodWeightedAverageExercisePrice,,,,,,,,0.260,,,,0.070,,,,
StockIssuedDuringPeriodSharesStockOptionsExercised,,,,,,,,,,,,0.000,,,,
StockIssuedDuringPeriodValueIssuedForServices,,,,1144.000,,,,-20752.000,,,,,,,,
WeightedAverageNumberOfDilutedSharesOutstanding,35031558.000,,,,,,,,,,,,,,,
WeightedAverageNumberOfShareOutstandingBasicAndDiluted,,,,36459426.000,41407912.000,46591469.000,-81647061.000,46724406.000,49108919.000,50856901.000,-96319172.000,54803131.000,55083961.000,,12057500.000,12687478.000
WeightedAverageNumberOfSharesOutstandingBasic,35031558.000,,,,,,,,,,,,,,,
