,2011-11-30,2012-02-29,2012-05-31,2012-08-31,2012-11-30,2013-02-28,2013-05-31,2013-08-31,2013-11-30,2014-02-28,2014-05-31,2014-08-31,2014-11-30,2015-02-28,2015-05-31,2015-08-31,2015-11-30,2016-02-29,2016-05-31,2016-08-31,2016-11-30,2017-02-28,2017-05-31
AllowanceForDoubtfulAccountsReceivablePeriodIncreaseDecrease,,,,,,,,,,,,,,,,,,,,,,,98700000.000
AmortizationOfIntangibleAssets,,,,,2500000.000,,,,2300000.000,,,,1800000.000,1800000.000,1800000.000,1900000.000,1700000.000,2100000.000,1100000.000,1200000.000,1300000.000,1000000.000,1000000.000
BusinessCombinationContingentConsiderationArrangementsChangeInAmountOfContingentConsiderationLiability1,,,,,,,,,,,,,,,,,-32289000.000,,,,-6770000.000,,
CashAndCashEquivalentsPeriodIncreaseDecrease,857876000.000,,,,845572000.000,,,,334120000.000,,,,-464685000.000,,,,303447000.000,,,,236171000.000,,
CashFlowHedgeGainLossToBeReclassifiedWithinTwelveMonths,,,,,,,,,1200000.000,,,,,,,,,,,,,,
ComprehensiveIncomeNetOfTax,,,,,343952000.000,277095000.000,254394000.000,192665000.000,241752000.000,251939000.000,385653000.000,202201000.000,377616000.000,88263000.000,180178000.000,77538000.000,262922000.000,-41926000.000,205189000.000,488000.000,194656000.000,29345000.000,-43443000.000
ComprehensiveIncomeNetOfTaxAttributableToNoncontrollingInterest,,,,,,,,,,,418000.000,,-372000.000,83000.000,-215000.000,-208000.000,-301000.000,797000.000,,,,,
ComprehensiveIncomeNetOfTaxIncludingPortionAttributableToNoncontrollingInterest,,,,,346126000.000,277527000.000,255927000.000,192468000.000,242594000.000,252491000.000,386071000.000,201961000.000,377244000.000,88346000.000,179963000.000,77330000.000,262621000.000,-41129000.000,204597000.000,361000.000,194448000.000,29751000.000,-44398000.000
ConsolidationLessThanWhollyOwnedSubsidiaryParentOwnershipInterestChangeDueToNetIncomeAttributableToParentAndEffectsOfChangesNet,,,,,343707000.000,,,,,,,,,,,,,,,,,,
CostOfGoodsSold,9094152000.000,8612235000.000,10406699000.000,10475057000.000,11164420000.000,9411731000.000,11479645000.000,10650409000.000,10625205000.000,9238840000.000,11460774000.000,9691979000.000,8908745000.000,8111365000.000,8430249000.000,7641317000.000,7316974000.000,6550326000.000,7479076000.000,8041534000.000,7695553000.000,7079664000.000,8366988000.000
DeferredFederalIncomeTaxExpenseBenefit,,,,,,,,,,,,,,,,,,,,,,,-84400000.000
DeferredIncomeTaxExpenseBenefit,972000.000,,,,902000.000,,,,638000.000,,,,26656000.000,,,,7409000.000,,,,6199000.000,,-75000000.000
Depreciation,,,,,,,,,,,,,,72700000.000,75800000.000,,,,,,,,
DepreciationDepletionAndAmortization,51645000.000,,,,57461000.000,,,,63104000.000,,,,73322000.000,,,,100350000.000,,,,121372000.000,,
DisposalGroupNotDiscontinuedOperationLossGainOnWriteDown,,,,,,,,,,,,,,,,,,,,,,,51800000.000
DividendsPreferredStockCash,,,,,,,,,,,,,29504000.000,,,,40500000.000,,,,41825000.000,,
EffectOfExchangeRateOnCashAndCashEquivalents,-4725000.000,,,,115000.000,,,,602000.000,,,,-8417000.000,,,,1928000.000,,,,-2696000.000,,
EquityMethodInvestmentDividendsOrDistributions,40961000.000,,,,29647000.000,,,,37231000.000,,,,15558000.000,,,,22991000.000,,,,16393000.000,,
FiniteLivedIntangibleAssetsAcquired,,,,,1000000.000,,,,1000000.000,,,,,,,,,,,,,,
GainLossOnFairValueHedgeIneffectivenessNet,,,,,,,,,,,,,,,,,,,,,0.000,,
GainLossOnInvestments,38000.000,-484000.000,0.000,-5019000.000,,45000.000,154000.000,,,2609000.000,108792000.000,,2875000.000,2199000.000,0.000,165000.000,5672000.000,3050000.000,700000.000,-170000.000,-7401000.000,2782000.000,393000.000
GainLossOnSaleOfInvestments,38000.000,,,,,,,,,,,,2875000.000,,,,5672000.000,,,,-7401000.000,,
GainLossOnSaleOfPropertyPlantEquipment,915000.000,,,,700000.000,,,,1122000.000,,,,759000.000,,,,1611000.000,,,,5244000.000,,
GoodwillAcquiredDuringPeriod,,,,,,,,,,,,,388000.000,,,,,,,,,,
GoodwillForeignCurrencyTranslationGainLoss,,,,,,,,,,,,,,,,,,,,,-1291000.000,,
GoodwillImpairmentLoss,,,,,,,,,,,,,,,,,,,,,,,5500000.000
GoodwillOtherIncreaseDecrease,,,,,,,,,,,,,,,,,,,,,-372000.000,,
GoodwillTranslationAdjustments,,,,,,,,,,,,,-2025000.000,,,,-497000.000,,,,,,
GrossProfit,640007000.000,231577000.000,616256000.000,523303000.000,545518000.000,470647000.000,456911000.000,300576000.000,400916000.000,441434000.000,506624000.000,298261000.000,590723000.000,244363000.000,310656000.000,345024000.000,411818000.000,89004000.000,317512000.000,140959000.000,352697000.000,240742000.000,247102000.000
IncomeLossFromContinuingOperationsBeforeIncomeTaxesExtraordinaryItemsNoncontrollingInterest,,,,,381898000.000,299387000.000,279476000.000,125233000.000,269668000.000,290332000.000,439590000.000,131713000.000,435658000.000,90466000.000,170508000.000,71536000.000,289855000.000,-76462000.000,194521000.000,11964000.000,225554000.000,23597000.000,-209158000.000
IncomeLossFromContinuingOperationsBeforeIncomeTaxesMinorityInterestAndIncomeLossFromEquityMethodInvestments,530847000.000,89858000.000,440718000.000,355148000.000,381898000.000,299387000.000,279476000.000,125233000.000,269668000.000,290332000.000,,,,,,,,,,,,,
IncomeLossFromEquityMethodInvestments,24129000.000,19952000.000,24804000.000,33504000.000,28072000.000,16760000.000,27574000.000,24944000.000,32678000.000,31049000.000,25522000.000,18197000.000,24629000.000,24169000.000,34750000.000,24302000.000,31362000.000,28004000.000,72453000.000,43958000.000,40328000.000,35800000.000,48393000.000
IncomeTaxExpenseBenefit,41965000.000,10623000.000,34000000.000,-5736000.000,36017000.000,23869000.000,27147000.000,2633000.000,26640000.000,29711000.000,59717000.000,-67772000.000,57327000.000,-2431000.000,-7327000.000,-59734000.000,23681000.000,-46280000.000,4838000.000,13670000.000,16612000.000,8624000.000,-163018000.000
IncomeTaxExpenseBenefitContinuingOperationsAdjustmentOfDeferredTaxAssetLiability,,,,,,,,,,,,,,,-30700000.000,,,,,,,,
IncreaseDecreaseInAccountsPayableAndAccruedLiabilities,249411000.000,,,,705760000.000,,,,496197000.000,,,,510966000.000,,,,596881000.000,,,,743427000.000,,
IncreaseDecreaseInCustomerAdvances,-45000000.000,,,,73550000.000,,,,217116000.000,,,,119737000.000,,,,261931000.000,,,,131444000.000,,
IncreaseDecreaseInDerivativeAssets,,,,,,,,,,,,,-88264000.000,,,,72117000.000,,,,110306000.000,,
IncreaseDecreaseInDerivativeLiabilities,,,,,,,,,,,,,28754000.000,,,,-107373000.000,,,,-195545000.000,,
IncreaseDecreaseInInventories,227824000.000,,,,422653000.000,,,,373627000.000,,,,875486000.000,,,,466554000.000,,,,754253000.000,,
IncreaseDecreaseInMarginDepositsOutstanding,-810149000.000,,,,-608169000.000,,,,-61161000.000,,,,83740000.000,,,,-59942000.000,,,,2623000.000,,
IncreaseDecreaseInNotesPayableCurrent,-70753000.000,,,,73224000.000,,,,170502000.000,,,,133034000.000,,,,,,,,,,
IncreaseDecreaseInOtherOperatingAssets,53858000.000,,,,287837000.000,,,,8903000.000,,,,-33879000.000,,,,-50348000.000,,,,-12082000.000,,
IncreaseDecreaseInOtherOperatingLiabilities,15561000.000,,,,20820000.000,,,,21716000.000,,,,6867000.000,,,,-5231000.000,,,,6599000.000,,
IncreaseDecreaseInOutstandingChecksFinancingActivities,-41626000.000,,,,36518000.000,,,,-34113000.000,,,,-43239000.000,,,,-4811000.000,,,,14334000.000,,
IncreaseDecreaseInReceivables,-238487000.000,,,,-115002000.000,,,,-58994000.000,,,,-170897000.000,,,,21165000.000,,,,16555000.000,,
InterestCostsCapitalized,,,,,2902000.000,-2694000.000,-2567000.000,12938000.000,-2265000.000,-2526000.000,-2641000.000,,,,,,,,,,,,
InterestCostsCapitalizedAdjustment,,,,,,,,,,,,,11905000.000,12706000.000,17104000.000,15588000.000,13659000.000,7161000.000,6513000.000,3010000.000,1600000.000,1500000.000,1600000.000
InterestExpense,,,,,24436000.000,23219000.000,25649000.000,25967000.000,23519000.000,11836000.000,23397000.000,,,,,,,,,,,39945000.000,39201000.000
InterestExpenseDebt,,,,,,,,,,,,,21036000.000,19574000.000,24365000.000,28177000.000,22710000.000,32197000.000,43979000.000,45161000.000,38300000.000,39900000.000,39200000.000
InterestIncomeExpenseNet,-20807000.000,-34631000.000,-71118000.000,-66707000.000,-67210000.000,-53385000.000,-66394000.000,-44578000.000,-30785000.000,-28989000.000,-42489000.000,-32679000.000,-20601000.000,-9490000.000,-9557000.000,-20685000.000,-6993000.000,-15713000.000,-26692000.000,-25949000.000,-38265000.000,-39945000.000,-39201000.000
InterestIncomeOther,,,,,1020000.000,1131000.000,2262000.000,1799000.000,1593000.000,1594000.000,2129000.000,1671000.000,2598000.000,2238000.000,2548000.000,2942000.000,2058000.000,9323000.000,10774000.000,16202000.000,,,
MinorityInterestDecreaseFromDistributionsToNoncontrollingInterestHolders,,,,,,,,,,,,,102000.000,,,,,,,,,,
NetCashProvidedByUsedInFinancingActivities,-178290000.000,,,,-10120000.000,,,,213729000.000,,,,357808000.000,,,,285900000.000,,,,327472000.000,,
NetCashProvidedByUsedInFinancingActivitiesContinuingOperations,-178290000.000,,,,-10120000.000,,,,213729000.000,,,,357808000.000,,,,285900000.000,,,,327472000.000,,
NetCashProvidedByUsedInInvestingActivities,-116581000.000,,,,-230825000.000,,,,-398713000.000,,,,-795084000.000,,,,-400480000.000,,,,-327022000.000,,
NetCashProvidedByUsedInInvestingActivitiesContinuingOperations,-116581000.000,,,,-230825000.000,,,,-398713000.000,,,,-795084000.000,,,,-400480000.000,,,,-327022000.000,,
NetCashProvidedByUsedInOperatingActivities,1157472000.000,,,,1086402000.000,,,,518502000.000,,,,-18992000.000,,,,416099000.000,,,,238417000.000,,
NetCashProvidedByUsedInOperatingActivitiesContinuingOperations,1157472000.000,,,,1086402000.000,,,,518502000.000,,,,-18992000.000,,,,416099000.000,,,,238417000.000,,
NetIncomeLoss,416208000.000,78470000.000,405062000.000,360888000.000,343707000.000,275086000.000,250796000.000,122797000.000,242186000.000,260069000.000,379455000.000,199725000.000,378703000.000,92814000.000,178050000.000,131478000.000,266475000.000,-30979000.000,190275000.000,-1579000.000,209150000.000,14567000.000,-45185000.000
NetIncomeLossAttributableToNoncontrollingInterest,72674000.000,765000.000,1656000.000,-4000.000,2174000.000,432000.000,1533000.000,,842000.000,552000.000,418000.000,-240000.000,-372000.000,83000.000,-215000.000,-208000.000,-301000.000,797000.000,-592000.000,-127000.000,-208000.000,406000.000,-955000.000
OperatingIncomeLoss,527487000.000,105021000.000,487032000.000,393370000.000,421036000.000,335967000.000,318142000.000,144884000.000,267775000.000,285663000.000,347765000.000,143434000.000,428755000.000,73588000.000,145315000.000,67754000.000,259814000.000,-91803000.000,148060000.000,-5875000.000,186491000.000,10507000.000,-230297000.000
OtherComprehensiveIncomeLossAmortizationPensionAndOtherPostretirementBenefitPlansNetPriorServiceCostRecognizedInNetPeriodicPensionCostNetOfTax,,,,,,71000.000,-31000.000,,,,,,,,,,,,,,,,
OtherComprehensiveIncomeLossAvailableForSaleSecuritiesTax,,,,,7000.000,331000.000,178000.000,,1182000.000,-265000.000,20000.000,,388000.000,88000.000,-125000.000,,363000.000,-805000.000,744000.000,,482000.000,600000.000,-72000.000
OtherComprehensiveIncomeLossDerivativesQualifyingAsHedgesNetOfTax,,,,,147000.000,424000.000,5520000.000,,-3134000.000,-11531000.000,131000.000,,,,,,,,,,,,
OtherComprehensiveIncomeLossDerivativesQualifyingAsHedgesTax,,,,,91000.000,261000.000,3404000.000,,-1931000.000,-7110000.000,81000.000,,-149000.000,-1336000.000,223000.000,-345000.000,-2697000.000,-1354000.000,1595000.000,46000.000,406000.000,598000.000,233000.000
OtherComprehensiveIncomeLossForeignCurrencyTransactionAndTranslationAdjustmentBeforeTax,,,,,,,,,,,,,,,,,,-10691000.000,7761000.000,,-19164000.000,9123000.000,-2151000.000
OtherComprehensiveIncomeLossForeignCurrencyTransactionAndTranslationAdjustmentNetOfTax,,,,,53000.000,1021000.000,-2918000.000,-2022000.000,373000.000,-2856000.000,1650000.000,-437000.000,-5206000.000,-5802000.000,-1290000.000,-22431000.000,-2980000.000,,,,,,
OtherComprehensiveIncomeLossForeignCurrencyTranslationAdjustmentTax,,,,,34000.000,629000.000,1799000.000,,229000.000,-1760000.000,1017000.000,,-3210000.000,-3576000.000,-796000.000,,,,,,-209000.000,-204000.000,-334000.000
OtherComprehensiveIncomeLossNetOfTax,,,,,245000.000,2009000.000,3598000.000,69868000.000,-434000.000,-8130000.000,6198000.000,2476000.000,-1087000.000,-4551000.000,2128000.000,-53940000.000,-3553000.000,-10947000.000,14914000.000,2067000.000,-14494000.000,14778000.000,1742000.000
OtherComprehensiveIncomeLossNetOfTaxPortionAttributableToParent,,,,,245000.000,,,,-434000.000,,,,,,,,,,,,,,
OtherComprehensiveIncomeLossPensionAndOtherPostretirementBenefitPlansAdjustmentNetOfTax,,,,,-33000.000,,,,-409000.000,-6687000.000,-4385000.000,-2278000.000,-3731000.000,-3275000.000,-3258000.000,30141000.000,-3201000.000,-3227000.000,-3378000.000,3223000.000,-3239000.000,-3724000.000,-3635000.000
OtherComprehensiveIncomeLossPensionAndOtherPostretirementBenefitPlansTax,,,,,-20000.000,44000.000,19000.000,-21753000.000,-252000.000,,2770000.000,,2324000.000,2042000.000,2024000.000,-19116000.000,1760000.000,2028000.000,2122000.000,-2007000.000,2011000.000,2312000.000,2257000.000
OtherComprehensiveIncomeLossReclassificationAdjustmentFromAOCIPensionAndOtherPostretirementBenefitPlansForNetGainLossTax,,,,,,,,,,4123000.000,,,,,,,,,,,,,
OtherComprehensiveIncomeLossReclassificationPensionAndOtherPostretirementBenefitPlansNetGainLossRecognizedInNetPeriodicBenefitCostTax,,,,,,27000.000,417000.000,,,,,,,,,,,,,,,,
OtherComprehensiveIncomeReclassificationOfDefinedBenefitPlansNetGainLossRecognizedInNetPeriodicBenefitCostBeforeTax,,,,,,-43000.000,675000.000,,,,,,,,,,,,,,,,
OtherComprehensiveIncomeUnrealizedGainLossOnDerivativesArisingDuringPeriodNetOfTax,,,,,,,,,,,,,-242000.000,-2167000.000,362000.000,-555000.000,-4334000.000,-2185000.000,2574000.000,73000.000,654000.000,963000.000,375000.000
OtherComprehensiveIncomeUnrealizedHoldingGainLossOnSecuritiesArisingDuringPeriodNetOfTax,,,,,12000.000,536000.000,290000.000,141000.000,1918000.000,-430000.000,32000.000,508000.000,630000.000,143000.000,-202000.000,-813000.000,560000.000,-1298000.000,1201000.000,1037000.000,777000.000,968000.000,-117000.000
OtherNonoperatingIncome,,,,,,,,,,,,,,,,,,,,,44401000.000,14453000.000,11554000.000
OtherOperatingActivitiesCashFlowStatement,-179000.000,,,,1230000.000,,,,-638000.000,,,,15013000.000,,,,11818000.000,,,,10706000.000,,
PatronageRefunds,,,,,,,,,,,,,555000.000,,,,,,,,,,
PaymentsForProceedsFromLoansReceivable,-31506000.000,,,,74220000.000,,,,209789000.000,,,,180189000.000,,,,137599000.000,,,,211126000.000,,
PaymentsForProceedsFromOtherInvestingActivities,-1404000.000,,,,87000.000,,,,3489000.000,,,,5028000.000,,,,-470000.000,,,,1245000.000,,
PaymentsForRepurchaseOfOtherEquity,,,,,,,,,,,,,2591000.000,,,,3314000.000,,,,9528000.000,,
PaymentsForRepurchaseOfRedeemableNoncontrollingInterest,,,,,65981000.000,,,,65981000.000,,,,65981000.000,,,,153022000.000,,,,0.000,,
PaymentsOfDebtIssuanceCosts,12390000.000,,,,,,,,,,,,,,,,,,,,,,
PaymentsOfDividendsMinorityInterest,5779000.000,,,,,,,,,,,,,,,,,,,,,,
PaymentsOfDividendsPreferredStockAndPreferenceStock,6136000.000,,,,6136000.000,,,,6136000.000,,,,22486000.000,,,,40500000.000,,,,41825000.000,,
PaymentsOfStockIssuanceCosts,,,,,,,,,9255000.000,,,,16047000.000,,,,0.000,,,,,,
PaymentsToAcquireBusinessesNetOfCashAcquired,32346000.000,,,,8074000.000,,,,7873000.000,,,,-5501000.000,,,,988000.000,,,,,,
PaymentsToAcquireInvestments,,,,,7718000.000,,,,10941000.000,,,,40375000.000,,,,12709000.000,,,,0.000,,
PaymentsToAcquireOtherInvestments,3220000.000,,,,,,,,,,,,315000000.000,,,,0.000,,,,,,
PaymentsToAcquirePropertyPlantAndEquipment,98901000.000,,,,138083000.000,,,,168024000.000,,,,267279000.000,,,,251678000.000,,,,116986000.000,,
ProceedsFromIssuanceOfLongTermDebt,0.000,,,,,,,,1426000.000,,,,0.000,,,,,,,,,,
ProceedsFromIssuanceOfPreferredStockAndPreferenceStock,,,,,,,,,282979000.000,,,,492500000.000,,,,0.000,,,,,,
ProceedsFromPaymentsForOtherFinancingActivities,-2000.000,,,,1114000.000,,,,-2236000.000,,,,-118000.000,,,,0.000,,,,384000.000,,
ProceedsFromSaleMaturityAndCollectionsOfInvestments,49000.000,,,,19000.000,,,,19000.000,,,,49000.000,,,,,,,,0.000,,
ProceedsFromSaleOfEquityMethodInvestments,,,,,,,,,,,,,6084000.000,,,,17990000.000,,,,,,
ProceedsFromSaleOfPropertyPlantAndEquipment,1497000.000,,,,1190000.000,,,,1384000.000,,,,2241000.000,,,,2931000.000,,,,2574000.000,,
ProfitLoss,488882000.000,79235000.000,406718000.000,360884000.000,345881000.000,275518000.000,252329000.000,122600000.000,243028000.000,260621000.000,379873000.000,199485000.000,378331000.000,92897000.000,177835000.000,131270000.000,266174000.000,-30182000.000,189683000.000,-1706000.000,208942000.000,14973000.000,-46140000.000
ProvisionForDoubtfulAccounts,,,,,,,,,,,,,,,,,,,,,27812000.000,,
RepaymentsOfLongTermDebt,39157000.000,,,,46481000.000,,,,112267000.000,,,,116709000.000,,,,,,,,,,
RevenueFromRelatedParties,,,,,,,,,,0.000,0.000,,0.000,0.000,0.000,0.000,0.000,0.000,0.000,0.000,,,
Revenues,9734159000.000,8843812000.000,11022955000.000,10998360000.000,11709938000.000,9882378000.000,11936556000.000,10950985000.000,11026121000.000,9680274000.000,11967398000.000,9990240000.000,9499468000.000,8355728000.000,8740905000.000,7986341000.000,7728792000.000,6639330000.000,7796588000.000,8182493000.000,8048250000.000,7320406000.000,8614090000.000
RevenuesFromTransactionsWithOtherOperatingSegmentsOfSameEntity,,,,,0.000,0.000,0.000,0.000,0.000,,,,,,,,,,,,,,
SalesRevenueNet,9734159000.000,8843812000.000,11022955000.000,10998360000.000,11709938000.000,9882378000.000,11936556000.000,10950985000.000,11026121000.000,9680274000.000,11967398000.000,9990240000.000,9499468000.000,8355728000.000,8740905000.000,7986341000.000,7728792000.000,6639330000.000,7796588000.000,8182493000.000,8048250000.000,7320406000.000,8614090000.000
SellingGeneralAndAdministrativeExpense,112520000.000,126556000.000,129224000.000,129933000.000,124482000.000,134680000.000,138769000.000,155692000.000,133141000.000,155771000.000,158859000.000,154827000.000,161968000.000,170775000.000,165341000.000,277270000.000,152004000.000,180807000.000,169452000.000,146834000.000,166206000.000,230235000.000,153498000.000
StockholdersEquityOther,,,,,660000.000,,,,-642000.000,,,,6148000.000,,,,82000.000,,,,647000.000,,
UnrealizedGainLossOnInterestRateCashFlowHedgesPretaxAccumulatedOtherComprehensiveIncomeLoss,,,,,,,,,,,,,-594000.000,-3702000.000,389000.000,-171000.000,-6818000.000,-3252000.000,0.000,0.000,0.000,0.000,0.000
ValuationAllowancesAndReservesChargedToOtherAccounts,,,,,,,,,,,,,,,,,,,,,,,130700000.000
