,2011-06-30,2011-12-31,2012-03-31,2012-06-30,2012-09-30,2012-12-31,2013-03-31,2013-06-30,2013-09-30,2013-12-31,2014-03-31,2014-06-30,2014-09-30,2014-12-31,2015-03-31,2015-06-30,2015-09-30,2015-12-31,2016-03-31,2016-06-30,2016-09-30,2016-12-31,2017-03-31
AmortizationOfIntangibleAssets,,,,,,,,834000.000,,,1037000.000,897000.000,,563000.000,558000.000,560000.000,562000.000,555000.000,568000.000,453000.000,393000.000,386000.000,385000.000
BusinessCombinationAcquisitionRelatedCosts,18000.000,1849000.000,312000.000,348000.000,1790000.000,0.000,300000.000,142000.000,950000.000,111000.000,109000.000,1558000.000,2024000.000,,,,,,,,,,
CapitalExpendituresIncurredButNotYetPaid,,,,,,,,,,,,,,205000.000,,,,1153000.000,,,,683000.000,
CashAndCashEquivalentsPeriodIncreaseDecrease,,15475000.000,,,,-1136000.000,,,,2088000.000,,,,1636000.000,,,,-5774000.000,,,,-843000.000,
CommonStockDividendsPerShareCashPaid,,,,,,0.550,0.550,0.550,,0.550,,,,0.550,0.275,0.275,,0.275,0.275,0.275,,0.275,0.275
ComprehensiveIncomeNetOfTaxIncludingPortionAttributableToNoncontrollingInterest,,,,,,4529000.000,3704000.000,-14185000.000,12287000.000,3088000.000,5437000.000,-36565000.000,-2509000.000,2692000.000,1711000.000,4450000.000,2224000.000,3427000.000,5651000.000,8108000.000,-255000.000,2273000.000,6226000.000
CostOfGoodsSold,,,,,,,,,,3158000.000,3150000.000,1830000.000,4368000.000,2117000.000,2453000.000,1290000.000,2849000.000,1837000.000,1829000.000,2304000.000,996000.000,1959000.000,2030000.000
CostOfRevenue,12077000.000,14906000.000,16029000.000,17357000.000,17100000.000,16563000.000,17050000.000,17964000.000,19443000.000,18207000.000,18345000.000,17979000.000,19624000.000,17751000.000,18611000.000,16821000.000,19402000.000,18015000.000,18327000.000,18336000.000,19083000.000,17937000.000,18805000.000
CostOfServices,,,,,,,,,,15049000.000,15195000.000,16149000.000,15256000.000,15634000.000,16158000.000,15531000.000,16553000.000,16178000.000,16498000.000,16032000.000,18087000.000,15978000.000,16775000.000
CostsAndExpenses,21326000.000,29116000.000,28945000.000,29956000.000,36213000.000,29954000.000,29928000.000,53356000.000,,32680000.000,32189000.000,95530000.000,,,,,,,,,,,
DeferredIncomeTaxesAndTaxCredits,,1547000.000,,,,7000.000,,,,292000.000,,,,-1195000.000,,,,632000.000,,,,1752000.000,
DefinedBenefitPlansEstimatedFutureEmployerContributionsInNextFiscalYear,,,,,,,,,,,,,,,,,,0.000,,,,0.000,
DefinedContributionPlanCostRecognized,,,,,,371000.000,,,,458000.000,,495000.000,,407000.000,442000.000,500000.000,435000.000,419000.000,499000.000,494000.000,430000.000,543000.000,488000.000
DepreciationDepletionAndAmortization,,2356000.000,,2722000.000,,3450000.000,,,,3894000.000,,,,3078000.000,,,,2797000.000,,,,2678000.000,
DilutiveSecurities,,,,,,,,,,,,,,28000.000,27000.000,25000.000,,32000.000,32000.000,33000.000,,44000.000,34000.000
DividendsCash,,5407000.000,,,,5546000.000,,,,5481000.000,,,,5635000.000,,,,,,,,,
EarningsPerShareBasic,0.590,0.520,0.760,0.700,0.060,0.520,0.540,-1.460,0.900,0.320,0.520,,,0.460,0.370,0.420,0.270,0.380,0.450,0.760,0.270,0.460,0.540
EarningsPerShareBasicAndDiluted,,,,,,,,,,,,-3.860,,,,,,,,,,,
EarningsPerShareDiluted,0.590,0.520,0.750,0.690,0.070,0.520,0.540,-1.460,0.890,0.320,0.520,,,0.460,0.370,0.420,0.270,0.380,0.450,0.760,0.260,0.460,0.540
EffectOfExchangeRateOnCashAndCashEquivalents,,-149000.000,,,,56000.000,,,,-30000.000,,,,-471000.000,,,,-279000.000,,,,-368000.000,
EffectiveIncomeTaxRateContinuingOperations,,,,,,,,,,,,,,0.262,0.243,0.104,-0.315,0.309,0.311,0.313,-0.584,0.342,0.366
EquityMethodInvestmentDividendsOrDistributions,,1393000.000,,,,,,,,1340000.000,,,,1139000.000,,,,1195000.000,,,,,
ExcessTaxBenefitFromShareBasedCompensationFinancingActivities,,1000.000,,,,,,,,,,,,,,,,,,,,,
FairValueInputsDiscountRate,,,,,,,,,,,,,,0.110,,,,0.110,,,,,
GainLossOnInvestments,,,,,,,,,,,,,,111000.000,,,,190000.000,,,,58000.000,
GainLossOnSaleOfPropertyPlantEquipment,,,,,,,,,,,,,,3000.000,,,,9000.000,,,,-17000.000,
GoodwillAcquiredDuringPeriod,,,,,,,,,,2019000.000,,,,,,,,,,,,,
GoodwillAndIntangibleAssetImpairment,,,,,,,,,,,,62188000.000,,,,,,,,,,,
GoodwillForeignCurrencyTranslationGainLoss,,,,,,,,,,,,,,,,,,,,,,-472000.000,
GoodwillImpairmentLoss,,,,,,,,22700000.000,,,,,,,,,,,,,,,
GoodwillTranslationAdjustments,,,,,,,,,,74000.000,,,,,,,,,,,,,
GrossProfit,,,,,,,,,,,,,,19796000.000,19528000.000,18646000.000,20759000.000,18515000.000,19755000.000,19518000.000,17690000.000,19635000.000,20317000.000
ImpairmentOfIntangibleAssetsFinitelived,,,,,,,,,,,,,,20820000.000,,,,20820000.000,,,,,
IncomeLossFromContinuingOperationsBeforeIncomeTaxesExtraordinaryItemsNoncontrollingInterest,8356000.000,7826000.000,10344000.000,8770000.000,1200000.000,7317000.000,6853000.000,-17347000.000,7657000.000,4743000.000,6917000.000,-61347000.000,9189000.000,6135000.000,4861000.000,4617000.000,5709000.000,5460000.000,6443000.000,10804000.000,5646000.000,6956000.000,8444000.000
IncomeLossFromEquityMethodInvestments,575000.000,804000.000,1067000.000,684000.000,626000.000,1528000.000,556000.000,471000.000,1326000.000,573000.000,535000.000,256000.000,1575000.000,696000.000,680000.000,428000.000,503000.000,301000.000,252000.000,244000.000,686000.000,636000.000,1173000.000
IncomeTaxExpenseBenefit,2667000.000,2742000.000,3104000.000,2014000.000,180000.000,2274000.000,1620000.000,-3748000.000,-1362000.000,1496000.000,1954000.000,-25030000.000,5780000.000,1610000.000,1180000.000,481000.000,3002000.000,1687000.000,2005000.000,3382000.000,2825000.000,2376000.000,3091000.000
IncreaseDecreaseInAccountsPayableAndAccruedLiabilities,,546000.000,,,,-5848000.000,,,,-3502000.000,,,,-971000.000,,,,-2052000.000,,,,-1057000.000,
IncreaseDecreaseInDeferredRevenue,,928000.000,,,,,,,,,,,,,,,,,,,,,
IncreaseDecreaseInOtherOperatingAssets,,1832000.000,,,,2153000.000,,,,88000.000,,,,1437000.000,,,,982000.000,,,,1005000.000,
IncreaseDecreaseInOtherOperatingLiabilities,,103000.000,,,,244000.000,,,,200000.000,,,,-53000.000,,,,357000.000,,,,261000.000,
IncreaseDecreaseInPrepaidTaxes,,-1830000.000,,,,-1449000.000,,,,-466000.000,,,,214000.000,,,,-40000.000,,,,-106000.000,
IncreaseDecreaseInReceivables,,1399000.000,,,,1114000.000,,,,-4396000.000,,,,-4985000.000,,,,-224000.000,,,,892000.000,
IncrementalCommonSharesAttributableToShareBasedPaymentArrangements,,,,41000.000,,49000.000,45000.000,0.000,-46000.000,45000.000,41000.000,,,,,,,,,,,,
InterestIncomeExpenseNet,,-590000.000,-863000.000,-1113000.000,-742000.000,-1033000.000,-1081000.000,-1154000.000,-916000.000,-892000.000,-975000.000,-817000.000,-740000.000,-953000.000,-964000.000,-1080000.000,-1373000.000,-933000.000,-1129000.000,-703000.000,-654000.000,-794000.000,-609000.000
NetCashProvidedByUsedInFinancingActivities,,107654000.000,,,,-977000.000,,,,-4246000.000,,,,-5678000.000,,,,-8507000.000,,,,-4550000.000,
NetCashProvidedByUsedInFinancingActivitiesContinuingOperations,,107654000.000,,,,-977000.000,,,,-4246000.000,,,,-5678000.000,,,,-8507000.000,,,,-4550000.000,
NetCashProvidedByUsedInInvestingActivities,,-102538000.000,,,,-2355000.000,,,,-3590000.000,,,,-1699000.000,,,,-2929000.000,,,,-2415000.000,
NetCashProvidedByUsedInInvestingActivitiesContinuingOperations,,-102538000.000,,,,-2355000.000,,,,-3590000.000,,,,-1699000.000,,,,-2929000.000,,,,-2415000.000,
NetCashProvidedByUsedInOperatingActivities,,10508000.000,,,,2140000.000,,,,9954000.000,,,,9484000.000,,,,5941000.000,,,,6490000.000,
NetCashProvidedByUsedInOperatingActivitiesContinuingOperations,,10508000.000,,,,2140000.000,,,,9954000.000,,,,9484000.000,,,,5941000.000,,,,6490000.000,
NetIncomeLoss,5536000.000,4925000.000,7110000.000,6566000.000,669000.000,4877000.000,5153000.000,-13753000.000,8559000.000,3051000.000,4997000.000,-36626000.000,3375000.000,4377000.000,3547000.000,4055000.000,2564000.000,3643000.000,4279000.000,7265000.000,2566000.000,4401000.000,5175000.000
NetIncomeLossAttributableToNoncontrollingInterest,153000.000,159000.000,130000.000,190000.000,351000.000,166000.000,80000.000,154000.000,460000.000,196000.000,-34000.000,309000.000,34000.000,148000.000,134000.000,81000.000,143000.000,130000.000,159000.000,157000.000,255000.000,179000.000,178000.000
NetIncomeLossAvailableToCommonStockholdersBasic,,,,6532000.000,,4846000.000,5110000.000,-13753000.000,8468000.000,3005000.000,4951000.000,-36626000.000,3467000.000,4348000.000,3529000.000,4035000.000,2545000.000,3625000.000,4258000.000,7245000.000,2546000.000,4378000.000,5160000.000
OperatingExpenses,9231000.000,12361000.000,12604000.000,12251000.000,13880000.000,13391000.000,12578000.000,12550000.000,12449000.000,14362000.000,13735000.000,13805000.000,13002000.000,13655000.000,13898000.000,13535000.000,,12263000.000,12538000.000,11805000.000,,12193000.000,12508000.000
OperatingIncomeLoss,7832000.000,7553000.000,10149000.000,9249000.000,1219000.000,6727000.000,7154000.000,-16776000.000,7015000.000,5025000.000,7365000.000,-60764000.000,8387000.000,6141000.000,5630000.000,5111000.000,6817000.000,6252000.000,7217000.000,7713000.000,5459000.000,7442000.000,7809000.000
OtherComprehensiveIncomeDefinedBenefitPlansAdjustmentNetOfTaxPeriodIncreaseDecrease,,79000.000,,,,,,,,,,,,,,,,,,,,,
OtherComprehensiveIncomeForeignCurrencyTransactionAndTranslationAdjustmentNetOfTaxPeriodIncreaseDecrease,,-697000.000,,,,,,,,,,,,,,,,,,,,,
OtherComprehensiveIncomeForeignCurrencyTranslationGainLossArisingDuringPeriodTax,,,,,,,,,,,,,,954000.000,1103000.000,-184000.000,-271000.000,162000.000,519000.000,427000.000,-2833000.000,503000.000,-232000.000
OtherComprehensiveIncomeLossAvailableForSaleSecuritiesAdjustmentNetOfTax,,,,,,,,,,,,,,-35000.000,37000.000,41000.000,,-75000.000,83000.000,-195000.000,,,
OtherComprehensiveIncomeLossBeforeReclassificationsNetOfTax,,,,,,,,,,,,,,-1714000.000,,,,-303000.000,,,,-2387000.000,
OtherComprehensiveIncomeLossForeignCurrencyTransactionAndTranslationAdjustmentNetOfTax,,,,,,-622000.000,-1557000.000,-654000.000,578000.000,-324000.000,428000.000,-294000.000,-2031000.000,-1870000.000,-2026000.000,227000.000,315000.000,-315000.000,1002000.000,796000.000,-709000.000,-2426000.000,754000.000
OtherComprehensiveIncomeLossNetOfTax,,,,,,,,,,-91000.000,,,,-1734000.000,,,,,,,,,
OtherComprehensiveIncomeLossNetOfTaxPortionAttributableToParent,,,,,,,,,,,,,,,,,,-348000.000,,,,-2268000.000,
OtherComprehensiveIncomeLossPensionAndOtherPostretirementBenefitPlansAdjustmentNetOfTax,,,,,,-108000.000,-28000.000,-68000.000,-2690000.000,-165000.000,-46000.000,-46000.000,3921000.000,-72000.000,-19000.000,-46000.000,848000.000,-44000.000,-128000.000,-85000.000,2295000.000,-119000.000,-119000.000
OtherComprehensiveIncomeLossPensionAndOtherPostretirementBenefitPlansTax,,,,,,,,,,,,,,0.000,53000.000,27000.000,338000.000,25000.000,76000.000,52000.000,1138000.000,71000.000,-71000.000
OtherComprehensiveIncomeUnrealizedHoldingGainLossOnSecuritiesArisingDuringPeriodTax,,,,,,,,,,,,,,0.000,0.000,9000.000,8000.000,23000.000,22000.000,35000.000,-46000.000,0.000,0.000
OtherNoncashIncome,,943000.000,,,,364000.000,,,,-573000.000,,,,696000.000,,,,301000.000,,,,636000.000,
OtherNonoperatingIncomeExpense,-51000.000,59000.000,-9000.000,-50000.000,97000.000,95000.000,224000.000,112000.000,232000.000,37000.000,-8000.000,-22000.000,-33000.000,251000.000,-485000.000,158000.000,-238000.000,-160000.000,103000.000,3550000.000,155000.000,-328000.000,71000.000
PaymentsForProceedsFromBusinessesAndInterestInAffiliates,,,,,,,,,,,,,,,,,,472000.000,,,,,
PaymentsForProceedsFromOtherInvestingActivities,,-35000.000,,,,453000.000,,,,719000.000,,,,315000.000,,,,923000.000,,,,538000.000,
PaymentsOfDividendsCommonStock,,5215000.000,,,,5229000.000,,,,5274000.000,,,,5347000.000,,,,2651000.000,,,,2682000.000,
PaymentsOfDividendsMinorityInterest,,214000.000,,,,,,,,,,,,,,,,,,,,,
PaymentsToAcquireAvailableForSaleSecurities,,437000.000,,,,,,,,,,,,,,,,,,,,,
PaymentsToAcquireBusinessesAndInterestInAffiliates,,98297000.000,,,,0.000,,,,1800000.000,,,,,,,,,,,,,
PaymentsToAcquirePropertyPlantAndEquipment,,3839000.000,,,,1902000.000,,,,1071000.000,,,,1384000.000,,,,1534000.000,,,,1877000.000,
PreferredStockDividendsAndOtherAdjustments,,,,,,,,,,,,,,29000.000,18000.000,20000.000,,18000.000,21000.000,20000.000,,23000.000,15000.000
ProceedsFromIssuanceOfLongTermDebt,,132887000.000,,,,4500000.000,,,,14000000.000,,,,8800000.000,,,,7000000.000,,,,2000000.000,
ProceedsFromPaymentsForOtherFinancingActivities,,,,,,-248000.000,,,,49000.000,,,,-331000.000,,,,-156000.000,,,,-368000.000,
ProceedsFromRepaymentsOfLinesOfCredit,,-19805000.000,,,,0.000,,,,-21000.000,,,,,,,,,,,,,
ProceedsFromStockOptionsExercised,,0.000,,,,,,,,,,,,,,,,,,,,,
ProfitLoss,5689000.000,5084000.000,7240000.000,6756000.000,1020000.000,5043000.000,5233000.000,-13599000.000,9019000.000,3247000.000,4963000.000,-36317000.000,3409000.000,4525000.000,3681000.000,4136000.000,2707000.000,3773000.000,4438000.000,7422000.000,2821000.000,4580000.000,5353000.000
PropertyPlantAndEquipmentAdditions,,,,4118000.000,,,,,,,,,,,,,,,,,,,
QuantifyingMisstatementInCurrentYearFinancialStatementsAmount,,,,,,,,,,,,1300000.000,,,,,,,,,,,
ReclassificationFromAccumulatedOtherComprehensiveIncomeCurrentPeriodNetOfTax,,,,,,,,,,,,,,20000.000,,,,45000.000,,,,-119000.000,
RepaymentsOfDebt,,,,,,,,,,13000000.000,,,,8800000.000,,,,12700000.000,,,,3500000.000,
Revenues,29158000.000,36669000.000,39094000.000,39205000.000,37432000.000,36681000.000,37082000.000,36580000.000,39857000.000,37705000.000,39554000.000,34766000.000,43037000.000,37547000.000,38139000.000,35467000.000,40161000.000,36530000.000,38082000.000,37854000.000,36773000.000,37572000.000,39122000.000
SalesRevenueGoodsNet,,,,,,,,,,5811000.000,6571000.000,3753000.000,11229000.000,5490000.000,5897000.000,3543000.000,7613000.000,4985000.000,4920000.000,5510000.000,3210000.000,4823000.000,4909000.000
SalesRevenueNet,29158000.000,36669000.000,39094000.000,39205000.000,37432000.000,36681000.000,37082000.000,36580000.000,39857000.000,37705000.000,39554000.000,34766000.000,43037000.000,37547000.000,38139000.000,35467000.000,40161000.000,36530000.000,38082000.000,37854000.000,36773000.000,37572000.000,39122000.000
SalesRevenueServicesNet,,,,,,,,,,31894000.000,32983000.000,31013000.000,31808000.000,32057000.000,32242000.000,31924000.000,32548000.000,31545000.000,33162000.000,32344000.000,33563000.000,32749000.000,34213000.000
SegmentReportingInformationRevenue,,,,39205000.000,,,,,,,,,,,,,,,,,,,
ShareBasedCompensation,,895000.000,,,,698000.000,,,,282000.000,,,,437000.000,,,,457000.000,,,,744000.000,
StockIssuedDuringPeriodValueShareBasedCompensationGross,,755000.000,,,,695000.000,,,,192000.000,,,,406000.000,,,,394000.000,,,,594000.000,
WeightedAverageNumberOfDilutedSharesOutstanding,9386000.000,9385000.000,9402000.000,9412000.000,-18762000.000,9385000.000,9462000.000,9439000.000,-18804000.000,9467000.000,9501000.000,,,9474000.000,9520000.000,9534000.000,-18988000.000,9492000.000,9550000.000,9564000.000,-19037000.000,9584000.000,9595000.000
WeightedAverageNumberOfShareOutstandingBasicAndDiluted,,,,,,,,,,,,9482000.000,,,,,,,,,,,
WeightedAverageNumberOfSharesOutstandingBasic,9340000.000,9348000.000,9361000.000,9371000.000,-18691000.000,9336000.000,9417000.000,9439000.000,-18758000.000,9422000.000,9460000.000,,,9446000.000,9493000.000,9509000.000,-18937000.000,9460000.000,9518000.000,9531000.000,-18983000.000,9540000.000,9561000.000
