,2011-06-30,2011-09-30,2012-03-31,2012-06-30,2012-09-30,2012-12-31,2013-03-31,2013-06-30,2013-09-30,2013-12-31,2014-03-31,2014-06-30,2014-09-30,2014-12-31,2015-03-31,2015-06-30,2015-09-30,2015-12-31,2016-03-31,2016-06-30,2016-09-30,2016-12-31,2017-03-31
AdjustmentsToAdditionalPaidInCapitalSharebasedCompensationRequisiteServicePeriodRecognitionValue,,,325000.000,,,,428000.000,,,,550000.000,,,,700000.000,,,,750000.000,,,,776000.000
AdjustmentsToAdditionalPaidInCapitalTaxEffectFromShareBasedCompensation,,,127000.000,,,,7218000.000,,,,,,,,1617000.000,,,,,,,,
AmortizationOfAboveAndBelowMarketLeases,,,,,,,,,,,,,,,,,,,,,,,-237000.000
AmortizationOfFinancingCosts,,,,,,,,,,,162000.000,,,,256000.000,,,,230000.000,,,,467000.000
AvailableforsaleSecuritiesGrossRealizedGainLossExcludingOtherThanTemporaryImpairments,,,,,,,,,,,,,,,,,,,,,-253000.000,,
BusinessCombinationAcquisitionRelatedCosts,,,,,,,,,,,,,,,,,,,,4079000.000,12791000.000,,
BusinessCombinationIntegrationRelatedCosts,,,,,,,,,,,,,,,,,,,,,0.000,,
BusinessCombinationProFormaInformationEarningsOrLossOfAcquireeSinceAcquisitionDateActual,,,,1186000.000,,,,,,,,,,,,,,,203000.000,,,,
BusinessCombinationProFormaInformationRevenueOfAcquireeSinceAcquisitionDateActual,,,,9333000.000,,,,,,,,,,,,,,,11330000.000,,,,
CashAndCashEquivalentsPeriodIncreaseDecrease,,,-39847000.000,,,,-11946000.000,,,,24286000.000,,,,7811000.000,,,,-32804000.000,,,,-16807000.000
CommonStockDividendsPerShareDeclared,,,,,,,,,,,,,,,,,,,0.125,0.125,0.125,0.190,0.190
ComprehensiveIncomeNetOfTax,16439000.000,5919000.000,25069000.000,10467000.000,25296000.000,26050000.000,26495000.000,9104000.000,21247000.000,26189000.000,22427000.000,16582000.000,14588000.000,13152000.000,12239000.000,9012000.000,-2825000.000,4152000.000,10685000.000,-2541000.000,-15413000.000,26000000.000,55650000.000
CostOfGoodsSold,48879000.000,53169000.000,54315000.000,54579000.000,59328000.000,75775000.000,66543000.000,51092000.000,53546000.000,50180000.000,60490000.000,59093000.000,62780000.000,79310000.000,68246000.000,65636000.000,64875000.000,79874000.000,74422000.000,71345000.000,93399000.000,179390000.000,165635000.000
CostOfRevenue,51647000.000,57319000.000,56723000.000,57705000.000,63757000.000,79099000.000,68757000.000,58385000.000,79634000.000,84498000.000,73321000.000,71405000.000,76137000.000,91141000.000,77252000.000,73577000.000,74090000.000,88499000.000,81340000.000,80518000.000,113789000.000,207927000.000,204676000.000
DeferredIncomeTaxesAndTaxCredits,,,585000.000,,,,700000.000,,,,451000.000,,,,640000.000,,,,1678000.000,,,,12550000.000
DiscontinuedOperationGainLossFromDisposalOfDiscontinuedOperationBeforeIncomeTax,,,-0.000,,-966000.000,,,,,,,,,,,,,,,,,,
DiscontinuedOperationIncomeLossFromDiscontinuedOperationBeforeIncomeTax,,,,,-1140000.000,,,,,,,,,,,,,,,,,,
DiscontinuedOperationTaxEffectOfDiscontinuedOperation,,,,,-393000.000,,,,,,,,,,,,,,,,,,
DisposalGroupIncludingDiscontinuedOperationGrossProfitLoss,,,,,-6000.000,,,,,,,,,,,,,,,,,,
Dividends,,,,,,,,,,,,,,,,,,,3530000.000,,,,9172000.000
EarningsPerShareBasic,0.490,0.600,0.590,0.570,0.660,0.960,0.690,0.540,0.800,0.860,0.780,0.550,0.690,0.950,0.590,0.470,0.400,0.700,0.470,0.410,-0.040,0.880,0.670
EarningsPerShareDiluted,0.480,0.590,0.580,0.560,0.640,0.920,0.680,0.530,0.790,0.840,0.770,0.550,0.680,0.930,0.590,0.470,0.400,0.680,0.470,0.410,-0.040,0.880,0.670
EffectOfExchangeRateOnCashAndCashEquivalents,,,1812000.000,,,,1548000.000,,,,-257000.000,,,,-1639000.000,,,,-2723000.000,,,,3246000.000
ExcessTaxBenefitFromShareBasedCompensationFinancingActivities,,,127000.000,,,,7218000.000,,,,0.000,,,,1617000.000,,,,0.000,,,,
GeneralAndAdministrativeExpense,10971000.000,11550000.000,12306000.000,11612000.000,12330000.000,13851000.000,13113000.000,12662000.000,12738000.000,11017000.000,13329000.000,13615000.000,13406000.000,14236000.000,13838000.000,14669000.000,11733000.000,14518000.000,17668000.000,16509000.000,24500000.000,37860000.000,33238000.000
GoodwillImpairmentLoss,,,,,,,,,,,,,,,,,7913000.000,,,,0.000,,
GrossProfit,68934000.000,76030000.000,78393000.000,75073000.000,85938000.000,99258000.000,92082000.000,84750000.000,94553000.000,98189000.000,96456000.000,93921000.000,98863000.000,111633000.000,98771000.000,94046000.000,95442000.000,102925000.000,101863000.000,101461000.000,147364000.000,254115000.000,242900000.000
IncomeLossFromContinuingOperationsBeforeIncomeTaxesExtraordinaryItemsNoncontrollingInterest,23390000.000,28134000.000,26736000.000,24962000.000,29977000.000,40936000.000,31296000.000,23773000.000,29472000.000,35651000.000,29008000.000,23399000.000,27880000.000,36693000.000,24389000.000,19431000.000,16234000.000,27627000.000,19661000.000,17246000.000,423000.000,56117000.000,52242000.000
IncomeLossFromContinuingOperationsIncludingPortionAttributableToNoncontrollingInterest,15204000.000,18284000.000,17512000.000,16349000.000,19636000.000,27608000.000,20264000.000,15663000.000,23141000.000,25411000.000,22954000.000,16015000.000,19528000.000,26941000.000,16788000.000,13339000.000,11173000.000,19410000.000,13174000.000,11673000.000,-1412000.000,36692000.000,32645000.000
IncomeLossFromContinuingOperationsPerBasicShare,0.490,0.600,0.590,0.570,0.690,0.960,0.690,0.540,0.800,0.880,0.790,0.550,0.690,0.950,0.590,0.470,0.400,0.700,,,,,
IncomeLossFromContinuingOperationsPerDilutedShare,0.480,0.590,0.580,0.560,0.670,0.920,0.680,0.530,0.790,0.860,0.780,0.550,0.680,0.930,0.590,0.470,0.400,0.680,,,,,
IncomeLossFromDiscontinuedOperationsNetOfTax,134000.000,149000.000,0.000,0.000,-747000.000,1000.000,0.000,0.000,0.000,-633000.000,-272000.000,0.000,0.000,0.000,0.000,0.000,0.000,0.000,,,,,
IncomeLossFromDiscontinuedOperationsNetOfTaxPerBasicShare,0.000,0.000,0.000,0.000,-0.030,0.000,0.000,0.000,0.000,-0.020,-0.010,0.000,0.000,0.000,0.000,0.000,0.000,0.000,,,,,
IncomeLossFromDiscontinuedOperationsNetOfTaxPerDilutedShare,0.000,0.000,0.000,0.000,-0.030,0.000,0.000,0.000,0.000,-0.020,-0.010,0.000,0.000,0.000,0.000,0.000,0.000,0.000,,,,,
IncomeLossFromSubsidiariesNetOfTax,,,,,,,,,,,,,,,,,,,0.000,0.000,0.000,,0.000
IncomeTaxExpenseBenefit,8186000.000,9850000.000,9224000.000,8613000.000,10341000.000,13328000.000,11032000.000,8110000.000,6331000.000,10240000.000,6054000.000,7384000.000,8352000.000,9752000.000,7601000.000,6092000.000,5061000.000,8217000.000,6487000.000,5573000.000,1835000.000,19425000.000,19597000.000
IncreaseDecreaseInAccountsAndOtherReceivables,,,0.000,,,,,,,,,,,,,,,,,,,,
IncreaseDecreaseInAccountsPayableAndAccruedLiabilities,,,-3462000.000,,,,2110000.000,,,,-459000.000,,,,-10000.000,,,,-645000.000,,,,-29071000.000
IncreaseDecreaseInAccruedIncomeTaxesPayable,,,1773000.000,,,,-596000.000,,,,-4051000.000,,,,526000.000,,,,-536000.000,,,,7598000.000
IncreaseDecreaseInPrepaidDeferredExpenseAndOtherAssets,,,6470000.000,,,,2623000.000,,,,185000.000,,,,-1070000.000,,,,-3281000.000,,,,-11594000.000
IncreaseDecreaseInRetailRelatedInventories,,,-267000.000,,,,-975000.000,,,,-1805000.000,,,,-2354000.000,,,,-1812000.000,,,,-6796000.000
IncrementalCommonSharesAttributableToShareBasedPaymentArrangements,,,,746000.000,814000.000,,642000.000,436000.000,449000.000,-1032000.000,390000.000,403000.000,408000.000,-802000.000,218000.000,215000.000,205000.000,-450000.000,0.000,0.000,0.000,7000.000,13000.000
InterestExpense,40000.000,39000.000,77000.000,176000.000,444000.000,791000.000,719000.000,633000.000,1122000.000,1018000.000,1436000.000,3910000.000,4059000.000,4122000.000,4020000.000,4126000.000,4336000.000,4405000.000,4460000.000,4326000.000,5073000.000,6461000.000,6113000.000
InvestmentIncomeInterest,,56000.000,81000.000,36000.000,30000.000,69000.000,147000.000,51000.000,69000.000,55000.000,81000.000,262000.000,179000.000,160000.000,344000.000,393000.000,406000.000,423000.000,274000.000,224000.000,138000.000,115000.000,327000.000
InvestmentIncomeNet,66000.000,,,,,,,,,,,,,,,,,,,,,,
InvestmentsInAndAdvancesToAffiliatesDividendsOrInterest,,,,,,,,,,,,,,,,,,,0.000,,,,0.000
NetCashProvidedByUsedInFinancingActivities,,,-20836000.000,,,,-35652000.000,,,,3739000.000,,,,-20356000.000,,,,-28062000.000,,,,-142177000.000
NetCashProvidedByUsedInFinancingActivitiesContinuingOperations,,,-20836000.000,,,,-35652000.000,,,,3739000.000,,,,-20356000.000,,,,-28062000.000,,,,-142177000.000
NetCashProvidedByUsedInInvestingActivities,,,-49924000.000,,,,-3036000.000,,,,-4790000.000,,,,2376000.000,,,,-27095000.000,,,,58259000.000
NetCashProvidedByUsedInInvestingActivitiesContinuingOperations,,,-49924000.000,,,,-3036000.000,,,,-4790000.000,,,,2376000.000,,,,-27095000.000,,,,58259000.000
NetCashProvidedByUsedInOperatingActivities,,,29101000.000,,,,25194000.000,,,,25594000.000,,,,27430000.000,,,,25076000.000,,,,63865000.000
NetCashProvidedByUsedInOperatingActivitiesContinuingOperations,,,29101000.000,,,,25194000.000,,,,25594000.000,,,,27430000.000,,,,25076000.000,,,,63865000.000
NetIncomeLoss,15338000.000,18433000.000,17512000.000,16349000.000,18889000.000,27609000.000,20264000.000,15663000.000,23141000.000,24778000.000,22682000.000,16015000.000,19528000.000,26941000.000,16788000.000,13339000.000,11173000.000,19410000.000,13174000.000,11673000.000,-1412000.000,36692000.000,32645000.000
OperatingCostsAndExpenses,31778000.000,33538000.000,36319000.000,35240000.000,39889000.000,40283000.000,43476000.000,44000000.000,47302000.000,46543000.000,48492000.000,48934000.000,49293000.000,52267000.000,52321000.000,51746000.000,50995000.000,52510000.000,55411000.000,54578000.000,80574000.000,137451000.000,136744000.000
OperatingExpenses,45544000.000,47896000.000,51657000.000,50111000.000,55961000.000,58322000.000,60786000.000,60977000.000,65081000.000,62538000.000,67448000.000,70522000.000,70983000.000,74940000.000,74382000.000,74615000.000,79208000.000,75298000.000,82202000.000,84215000.000,146941000.000,197998000.000,190658000.000
OtherComprehensiveIncomeAvailableforsaleSecuritiesAdjustmentNetOfTaxPortionAttributableToParent,,,,,,,,,,,,,,,,,,,,,-1753000.000,,
OtherComprehensiveIncomeForeignCurrencyTransactionAndTranslationGainLossArisingDuringPeriodNetOfTax,,,7557000.000,,,,6231000.000,,,,-255000.000,567000.000,-4940000.000,-13789000.000,-4549000.000,-4327000.000,-13998000.000,-15258000.000,-2489000.000,-14214000.000,,,23005000.000
OtherComprehensiveIncomeForeignCurrencyTransactionAndTranslationGainLossBeforeReclassificationAndTax,1694000.000,-19252000.000,11537000.000,-8980000.000,9782000.000,-2172000.000,9411000.000,-10047000.000,-1996000.000,1258000.000,-393000.000,873000.000,-7600000.000,-21398000.000,-6998000.000,-6657000.000,-21536000.000,-2941000.000,-2489000.000,-14214000.000,-12248000.000,-12445000.000,23005000.000
OtherComprehensiveIncomeForeignCurrencyTranslationGainLossArisingDuringPeriodTax,-593000.000,6738000.000,3980000.000,3098000.000,3375000.000,-6809000.000,3180000.000,-3488000.000,-102000.000,-153000.000,-138000.000,306000.000,-2660000.000,-7609000.000,-2449000.000,-2330000.000,-7538000.000,12317000.000,,,,,
OtherDepreciationAndAmortization,2821000.000,2825000.000,3036000.000,3119000.000,3328000.000,3466000.000,3625000.000,3733000.000,3988000.000,4015000.000,4272000.000,4325000.000,4404000.000,4475000.000,4547000.000,4467000.000,4637000.000,4288000.000,4937000.000,4947000.000,7281000.000,14700000.000,14243000.000
OtherFinancialServicesCosts,52000.000,57000.000,20000.000,33000.000,32000.000,42000.000,24000.000,,,,,,,,,,,,,,,,
OtherSalesRevenueNet,249000.000,247000.000,311000.000,235000.000,204000.000,195000.000,221000.000,,,,,,,,,,,,,,,,
OtherTaxExpenseBenefit,,,,,,,,,-3273000.000,,-3669000.000,,,,,,,,,,,,
PaymentsForProceedsFromLoansReceivable,,,,,,,,,,,,,,,,,,,-5293000.000,,,,-67189000.000
PaymentsForRepurchaseOfCommonStock,,,38751000.000,,,,0.000,,,,,,,,16974000.000,,,,0.000,,,,10005000.000
PaymentsOfDebtIssuanceCosts,,,,,,,,,,,5909000.000,,,,0.000,,,,,,,,
PaymentsOfDividends,,,,,,,,,,,,,,,,,,,3530000.000,,,,9172000.000
PaymentsToAcquireBusinessesNetOfCashAcquired,,,-43866000.000,,,,1468000.000,,,,4889000.000,,,,1550000.000,,,,26045000.000,,,,854000.000
PaymentsToAcquireProductiveAssets,,,4226000.000,,,,4704000.000,,,,5674000.000,,,,4386000.000,,,,6343000.000,,,,8076000.000
ProceedsFromDivestitureOfBusinesses,,,-0.000,,,,,,,,,,,,,,,,,,,,
ProceedsFromIssuanceOfUnsecuredDebt,,,,,,,,,,,200000000.000,,,,0.000,,,,,,,,
ProceedsFromLinesOfCredit,,,,,,,0.000,,,,2500000.000,,,,21555000.000,,,,11500000.000,,,,15000000.000
ProceedsFromLongTermLinesOfCredit,,,18000000.000,,,,,,,,,,,,,,,,,,,,
ProceedsFromStockOptionsExercised,,,48000.000,,,,8422000.000,,,,0.000,,,,2901000.000,,,,0.000,,,,
ProvisionForDoubtfulAccounts,2716000.000,4093000.000,2388000.000,3093000.000,4397000.000,3282000.000,2190000.000,2693000.000,3694000.000,2791000.000,1743000.000,2236000.000,2913000.000,2395000.000,997000.000,1709000.000,2368000.000,2085000.000,1047000.000,1320000.000,3413000.000,6213000.000,4092000.000
RepaymentsOfLinesOfCredit,,,,,,,50500000.000,,,,184500000.000,,,,29455000.000,,,,29500000.000,,,,138000000.000
RepaymentsOfLongTermDebtAndCapitalSecurities,,,260000.000,,,,,,,,,,,,,,,,,,,,
RepaymentsOfNotesPayable,,,,,,,792000.000,,,,8352000.000,,,,0.000,,,,6532000.000,,,,0.000
Revenues,120581000.000,133349000.000,135116000.000,132778000.000,149695000.000,178357000.000,160839000.000,143135000.000,174187000.000,182687000.000,169777000.000,165326000.000,175000000.000,202774000.000,176023000.000,167623000.000,169532000.000,191424000.000,183203000.000,181979000.000,261153000.000,462042000.000,447576000.000
SalesRevenueGoodsNet,77358000.000,87802000.000,86906000.000,86307000.000,96006000.000,121943000.000,104994000.000,83900000.000,89772000.000,88521000.000,98708000.000,97188000.000,101950000.000,130336000.000,110454000.000,105625000.000,104937000.000,128280000.000,118776000.000,115543000.000,152215000.000,282597000.000,259994000.000
SalesRevenueNet,120581000.000,133349000.000,135116000.000,132778000.000,149695000.000,178357000.000,160839000.000,143135000.000,174187000.000,182687000.000,169777000.000,165326000.000,175000000.000,202774000.000,176023000.000,167623000.000,169532000.000,191424000.000,183203000.000,181979000.000,261153000.000,462042000.000,447576000.000
ShareBasedCompensation,,,325000.000,,,,428000.000,,,,550000.000,,,,700000.000,,,,750000.000,,,,776000.000
StockIssuedDuringPeriodValueShareBasedCompensation,,,0.000,,,,0.000,,,,0.000,,,,0.000,,,,0.000,,,,0.000
StockIssuedDuringPeriodValueStockOptionsExercised,,,48000.000,,,,8422000.000,,,,,,,,2901000.000,,,,,,,,0.000
TreasuryStockValueAcquiredCostMethod,,,38751000.000,,,,0.000,,,,,,,,16974000.000,,,,,,,,10005000.000
WeightedAverageNumberOfDilutedSharesOutstanding,,,,29404000.000,29430000.000,,29955000.000,29603000.000,29353000.000,-59337000.000,29342000.000,29341000.000,28805000.000,-58418000.000,28620000.000,28411000.000,28224000.000,-56929000.000,28241000.000,28243000.000,34631000.000,-56111000.000,48402000.000
WeightedAverageNumberOfSharesOutstandingBasic,,,,28658000.000,28616000.000,,29313000.000,29167000.000,28904000.000,-58305000.000,28952000.000,28938000.000,28397000.000,-57616000.000,28402000.000,28196000.000,28019000.000,-56479000.000,28241000.000,28243000.000,34631000.000,-56118000.000,48389000.000
