,2011-07-03,2011-10-02,2012-04-01,2012-07-01,2012-09-30,2012-12-31,2013-03-31,2013-06-30,2013-09-29,2013-12-31,2014-03-30,2014-06-29,2014-09-28
AdjustmentsToAdditionalPaidInCapitalSharebasedCompensationRequisiteServicePeriodRecognitionValue,,,316000.000,,,,170000.000,,,,144000.000,,
AllocatedShareBasedCompensationExpense,,,,,,,,,140027.000,,124980.000,121011.000,94339.000
AntidilutiveSecuritiesExcludedFromComputationOfEarningsPerShareAmount,,,,1261797.000,1308864.000,,1322496.000,,,,1443842.000,1208627.000,1394720.000
CashAndCashEquivalentsPeriodIncreaseDecrease,,,1168000.000,,,,-1834000.000,,,,-2781000.000,,
ComprehensiveIncomeNetOfTax,165000.000,-2143000.000,-1939000.000,-2215000.000,-2351000.000,-4366000.000,-3118000.000,-202000.000,-5051000.000,-2859000.000,-1819000.000,597000.000,-17000.000
CostOfGoodsSold,11379000.000,10506000.000,11049000.000,9916000.000,10018000.000,10634000.000,7773000.000,8850000.000,8480000.000,7945000.000,7526000.000,9559000.000,9840000.000
DeferredIncomeTaxExpenseBenefit,,,-36000.000,,,,-137000.000,,,,,,
DepreciationAndAmortization,,,418000.000,,,,526000.000,,,,321000.000,,
EarningsPerShareBasic,0.000,-0.230,-0.210,-0.230,-0.250,-0.470,-0.330,-0.030,-0.530,-0.310,-0.190,0.060,0.000
EarningsPerShareDiluted,0.000,-0.230,-0.210,-0.230,-0.250,-0.470,-0.330,-0.030,-0.530,-0.310,-0.190,0.060,0.000
EffectOfExchangeRateOnCashAndCashEquivalents,,,56000.000,,,,-21000.000,,,,14000.000,,
ForeignCurrencyTransactionGainLossBeforeTax,-73000.000,-23000.000,-62000.000,10000.000,-3000.000,-169000.000,-76000.000,-38000.000,-33000.000,-46000.000,15000.000,41000.000,-34000.000
GainLossOnSaleOfPropertyPlantEquipment,,,,,,,51000.000,,,,,,
GrossProfit,7656000.000,6359000.000,5223000.000,4682000.000,4119000.000,2448000.000,2730000.000,5394000.000,3534000.000,3048000.000,4159000.000,6876000.000,6077000.000
IncomeLossFromContinuingOperationsBeforeIncomeTaxesMinorityInterestAndIncomeLossFromEquityMethodInvestments,-255000.000,-2035000.000,-1832000.000,-2047000.000,-2245000.000,-4808000.000,-3193000.000,-107000.000,-4076000.000,-2801000.000,-1717000.000,723000.000,110000.000
IncomeTaxExpenseBenefit,-241000.000,179000.000,175000.000,102000.000,153000.000,-365000.000,-69000.000,154000.000,998000.000,208000.000,69000.000,129000.000,110000.000
IncomeTaxesPaid,,,66000.000,,,,400000.000,,,,375000.000,,
IncreaseDecreaseInAccountsPayable,,,2443000.000,,,,652000.000,,,,890000.000,,
IncreaseDecreaseInAccountsReceivable,,,431000.000,,,,-1860000.000,,,,-896000.000,,
IncreaseDecreaseInAccruedLiabilities,,,-321000.000,,,,-702000.000,,,,-828000.000,,
IncreaseDecreaseInDeferredRevenue,,,99000.000,,,,-61000.000,,,,-1683000.000,,
IncreaseDecreaseInInventories,,,-493000.000,,,,1234000.000,,,,481000.000,,
IncreaseDecreaseInOtherCurrentAssets,,,521000.000,,,,908000.000,,,,-221000.000,,
IncreaseDecreaseInOtherNoncurrentLiabilities,,,,,,,,,,,-6000.000,,
IncreaseDecreaseInOtherOperatingAssets,,,,,,,40000.000,,,,563000.000,,
InterestExpense,118000.000,119000.000,118000.000,114000.000,114000.000,116000.000,113000.000,107000.000,103000.000,95000.000,85000.000,84000.000,84000.000
InterestPaid,,,97000.000,,,,99000.000,,,,73000.000,,
InventoryWriteDown,,,763000.000,,,,1199000.000,,,,106000.000,,
InvestmentIncomeInterest,18000.000,21000.000,20000.000,16000.000,10000.000,17000.000,12000.000,11000.000,13000.000,17000.000,11000.000,7000.000,8000.000
LitigationSettlementAmount,,,,,,,,,1500000.000,,,,
MortgageLoansOnRealEstateInterestRate,,,,,,,,,,,0.044,,
NetCashProvidedByUsedInFinancingActivities,,,-81000.000,,,,-96000.000,,,,-90000.000,,
NetCashProvidedByUsedInFinancingActivitiesContinuingOperations,,,-81000.000,,,,-96000.000,,,,-90000.000,,
NetCashProvidedByUsedInInvestingActivities,,,-32000.000,,,,4000.000,,,,-10000.000,,
NetCashProvidedByUsedInInvestingActivitiesContinuingOperations,,,-32000.000,,,,4000.000,,,,-10000.000,,
NetCashProvidedByUsedInOperatingActivities,,,1225000.000,,,,-1721000.000,,,,-2695000.000,,
NetCashProvidedByUsedInOperatingActivitiesContinuingOperations,,,1225000.000,,,,-1721000.000,,,,-2695000.000,,
NetIncomeLoss,-14000.000,-2214000.000,-2007000.000,-2149000.000,-2398000.000,-4443000.000,-3124000.000,-261000.000,-5074000.000,-3009000.000,-1786000.000,594000.000,0.000
OperatingIncomeLoss,-92000.000,-1920000.000,-1672000.000,-1960000.000,-2139000.000,-4596000.000,-3057000.000,22000.000,-3970000.000,-2679000.000,-1662000.000,756000.000,217000.000
OtherComprehensiveIncomeForeignCurrencyTransactionAndTranslationAdjustmentNetOfTaxPeriodIncreaseDecrease,179000.000,71000.000,68000.000,,,,,,,,,,
OtherComprehensiveIncomeLossForeignCurrencyTransactionAndTranslationAdjustmentNetOfTax,,,,-66000.000,47000.000,,6000.000,59000.000,23000.000,150000.000,-33000.000,3000.000,-17000.000
OtherNonoperatingIncomeExpense,10000.000,6000.000,,1000.000,1000.000,,41000.000,5000.000,17000.000,2000.000,4000.000,3000.000,3000.000
PaymentsToAcquirePropertyPlantAndEquipment,,,32000.000,,,,53000.000,,,,10000.000,,
ProceedsFromSaleOfPropertyPlantAndEquipment,,,,,,,57000.000,,,,,,
ProceedsFromStockOptionsExercised,,,9000.000,,,,,,,,,,
ProductWarrantyAccrualPayments,,,,,,,160000.000,,,,149000.000,,
ProductWarrantyAccrualWarrantiesIssued,,,,,,,63000.000,,,,92000.000,,
ProvisionForDoubtfulAccounts,,,9000.000,,,,,,,,74000.000,,
RepaymentsOfLongTermDebtAndCapitalSecurities,,,90000.000,,,,96000.000,,,,90000.000,,
ResearchAndDevelopmentExpense,1764000.000,1914000.000,1482000.000,1306000.000,1333000.000,1329000.000,1134000.000,1017000.000,1276000.000,1177000.000,1211000.000,1029000.000,939000.000
RestructuringCharges,,352000.000,,,,,,176000.000,,,,,
RestructuringReserveAccrualAdjustment,,,,,,,71000.000,,,,,,
RestructuringReserveSettledWithCash,,,,,,,40000.000,,,,,,
Revenues,19035000.000,16865000.000,16272000.000,14598000.000,14137000.000,13082000.000,10503000.000,14244000.000,12014000.000,10993000.000,11685000.000,16435000.000,15917000.000
SalesRevenueNet,19035000.000,16865000.000,16272000.000,14598000.000,14137000.000,13082000.000,10503000.000,14244000.000,12014000.000,10993000.000,11685000.000,16435000.000,15917000.000
SellingGeneralAndAdministrativeExpense,5984000.000,6013000.000,5413000.000,5336000.000,4925000.000,5291000.000,4653000.000,4355000.000,6228000.000,4550000.000,4610000.000,5091000.000,4921000.000
ShareBasedCompensation,,,316000.000,191617.000,180321.000,148062.000,170000.000,,,,144000.000,,
ShareBasedCompensationArrangementByShareBasedPaymentAwardOptionsForfeituresInPeriod,,,,,,,30645.000,,,,9700.000,,
ShareBasedCompensationArrangementByShareBasedPaymentAwardOptionsGrantsInPeriod,,,,,,,,,,,0.000,,
ShareBasedCompensationArrangementByShareBasedPaymentAwardOptionsGrantsInPeriodGross,,,,,,,0.000,,,,,,
ShareBasedCompensationArrangementByShareBasedPaymentAwardOptionsVestedInPeriodFairValue,,,,,,,18939.000,,,,,,
ShareBasedCompensationArrangementsByShareBasedPaymentAwardOptionsForfeituresInPeriodWeightedAverageExercisePrice,,,,,,,5.780,,,,2.890,,
SharebasedCompensationArrangementBySharebasedPaymentAwardOptionsVestedNumberOfShares,,,,,,,,,,,0.000,,
StockIssuedDuringPeriodSharesStockOptionsExercised,,,,,,,0.000,,,,0.000,,
StockIssuedDuringPeriodValueStockOptionsExercised,,,9000.000,,,,,,,,,,
WeightedAverageNumberDilutedSharesOutstandingAdjustment,,,,,,,,,,,,45531.000,0.000
WeightedAverageNumberOfDilutedSharesOutstanding,9423923.000,9462281.000,9501667.000,9503203.000,9515967.000,-19011837.000,9530972.000,9532140.000,9544864.000,-19068976.000,9556889.000,9605985.000,9574343.000
WeightedAverageNumberOfSharesOutstandingBasic,9423923.000,9462281.000,9501667.000,9503203.000,9515967.000,-19011837.000,9530972.000,9532140.000,9544864.000,-19068976.000,9556889.000,9560454.000,9574343.000
