,2011-04-30,2011-07-30,2011-10-29,2012-01-28,2012-04-28,2012-07-28,2012-10-27,2013-05-04,2013-08-03,2013-11-02,2014-02-01,2014-05-03,2014-08-02,2014-11-01,2015-01-31,2015-05-02,2015-08-01,2015-10-31,2016-01-30,2016-04-30,2016-07-30,2016-10-29,2017-01-28,2017-04-29
AllocatedShareBasedCompensationExpense,,4000000.000,5000000.000,,,,,,,,,,,,,,,,,,,,,
AllocatedShareBasedCompensationExpenseNetOfTax,,,,,,,,,,,,,,,,14000000.000,,,,6000000.000,,,,
AmortizationOfIntangibleAssets,,,,,,3000000.000,3000000.000,3000000.000,3000000.000,3000000.000,2000000.000,2000000.000,1000000.000,2000000.000,1000000.000,1000000.000,1000000.000,1000000.000,1000000.000,1000000.000,1000000.000,1000000.000,1000000.000,1000000.000
AntidilutiveSecuritiesExcludedFromComputationOfEarningsPerShareAmount,,3900000.000,4100000.000,,,900000.000,900000.000,,,,,,,,,,,,,,,,,
BusinessExitCosts1,,,,,,,,,2000000.000,0.000,,,,,,,,,,,,,,
CashAndCashEquivalentsPeriodIncreaseDecrease,103000000.000,,,,8000000.000,,,177000000.000,,,,147000000.000,,,,19000000.000,,,,41000000.000,,,,
ComprehensiveIncomeNetOfTax,157000000.000,19000000.000,35000000.000,32000000.000,137000000.000,12000000.000,145000000.000,119000000.000,62000000.000,127000000.000,106000000.000,184000000.000,74000000.000,81000000.000,48000000.000,185000000.000,99000000.000,75000000.000,135000000.000,234000000.000,107000000.000,147000000.000,179000000.000,186000000.000
CostOfGoodsAndServicesSold,977000000.000,887000000.000,941000000.000,1022000000.000,1041000000.000,939000000.000,1019000000.000,1077000000.000,1001000000.000,1085000000.000,1209000000.000,1222000000.000,1116000000.000,1157000000.000,1282000000.000,1246000000.000,1142000000.000,1187000000.000,1332000000.000,1291000000.000,1193000000.000,1246000000.000,1400000000.000,1321000000.000
CostsAndExpenses,1303000000.000,1217000000.000,1289000000.000,1379000000.000,1377000000.000,1274000000.000,1369000000.000,1422000000.000,1348000000.000,1462000000.000,1610000000.000,1614000000.000,1497000000.000,1544000000.000,1687000000.000,1626000000.000,1510000000.000,1677000000.000,1762000000.000,1689000000.000,1582000000.000,1659000000.000,1832000000.000,
DepreciationAndAmortization,27000000.000,28000000.000,27000000.000,28000000.000,29000000.000,29000000.000,30000000.000,31000000.000,31000000.000,35000000.000,36000000.000,36000000.000,36000000.000,34000000.000,33000000.000,35000000.000,36000000.000,38000000.000,39000000.000,39000000.000,39000000.000,40000000.000,40000000.000,41000000.000
EarningsPerShareBasic,0.610,0.240,0.430,0.530,0.840,0.390,0.700,0.920,0.440,0.700,0.830,1.120,0.630,0.840,1.020,1.310,0.850,0.570,1.160,1.400,0.940,1.180,1.430,1.370
EarningsPerShareDiluted,0.600,0.240,0.430,0.530,0.830,0.390,0.690,0.900,0.440,0.700,0.810,1.100,0.630,0.820,1.010,1.290,0.840,0.570,1.140,1.390,0.940,1.170,1.410,1.360
EffectOfExchangeRateOnCashAndCashEquivalents,29000000.000,,,,,,,-6000000.000,,,,3000000.000,,,,-7000000.000,,,,6000000.000,,,,
EmployeeServiceShareBasedCompensationCashReceivedFromExerciseOfStockOptions,,5000000.000,,,14000000.000,6000000.000,15000000.000,6000000.000,9000000.000,4000000.000,8000000.000,10000000.000,3000000.000,4000000.000,0.000,23000000.000,15000000.000,25000000.000,,,,,,
EmployeeServiceShareBasedCompensationTaxBenefitFromCompensationExpense,,2000000.000,,,2000000.000,1000000.000,2000000.000,1000000.000,3000000.000,2000000.000,2000000.000,2000000.000,2000000.000,1000000.000,2000000.000,2000000.000,1000000.000,3000000.000,2000000.000,1000000.000,2000000.000,2000000.000,1000000.000,1000000.000
EmployeeServiceShareBasedCompensationTaxBenefitRealizedFromExerciseOfStockOptions,,,,,4000000.000,1000000.000,3000000.000,2000000.000,2000000.000,1000000.000,2000000.000,4000000.000,1000000.000,2000000.000,1000000.000,14000000.000,11000000.000,12000000.000,,,,,,
ExcessTaxBenefitFromShareBasedCompensationFinancingActivities,1000000.000,,,,5000000.000,,,4000000.000,,,,7000000.000,,,,14000000.000,,,,6000000.000,,,,
ExcessTaxBenefitFromShareBasedCompensationOperatingActivities,,,,,5000000.000,,,4000000.000,,,,7000000.000,,,,14000000.000,,,,6000000.000,,,,
FiniteLivedIntangibleAssetsAcquired,,,,,,,,1000000.000,,,,,,,,,,,,,,,,
FiniteLivedIntangibleAssetsAmortizationExpense,,5000000.000,4000000.000,,4000000.000,,,,,,,,,,,,,,,,,,,
ForeignCurrencyTransactionGainLossRealized,,,,,,,,,,,,1000000.000,,,,,,,,,,,,
FutureAmortizationExpenseRemainderOfFiscalYear,,,,,10000000.000,,,,,,,,,,,,,,,,,,,
FutureAmortizationExpenseYearFive,,,,,2000000.000,,,,,,,,,,,,,,,,,,,
FutureAmortizationExpenseYearFour,,,,,2000000.000,,,,,,,,,,,,,,,,,,,
FutureAmortizationExpenseYearOne,,,,,9000000.000,,,,,,,,,,,,,,,,,,,
FutureAmortizationExpenseYearThree,,,,,3000000.000,,,,,,,,,,,,,,,,,,,
FutureAmortizationExpenseYearTwo,,,,,4000000.000,,,,,,,,,,,,,,,,,,,
GainLossOnContractTermination,,,,,,,,-2000000.000,,,,0.000,,,,,,,,,,,,
GrossProfit,,,,,,,,,,,,,,,,,,,,,,,,680000000.000
ImpairmentOfIntangibleAssetsExcludingGoodwill,,,,,,,,,,,,1000000.000,2000000.000,0.000,1000000.000,0.000,,,,,,,,
ImpairmentOfLongLivedAssetsHeldForUse,,,,,,,,,,,,,,,,,,,,,,6000000.000,,
IncomeLossFromContinuingOperationsBeforeIncomeTaxesMinorityInterestAndIncomeLossFromEquityMethodInvestments,149000000.000,58000000.000,105000000.000,123000000.000,201000000.000,93000000.000,155000000.000,216000000.000,106000000.000,160000000.000,181000000.000,254000000.000,144000000.000,187000000.000,224000000.000,290000000.000,185000000.000,117000000.000,245000000.000,298000000.000,198000000.000,227000000.000,281000000.000,269000000.000
IncomeTaxExpenseBenefit,55000000.000,21000000.000,39000000.000,42000000.000,73000000.000,34000000.000,49000000.000,78000000.000,40000000.000,56000000.000,60000000.000,92000000.000,52000000.000,67000000.000,78000000.000,106000000.000,66000000.000,37000000.000,87000000.000,107000000.000,71000000.000,70000000.000,92000000.000,89000000.000
IncomeTaxesPaid,56000000.000,,,,80000000.000,,,15000000.000,,,,83000000.000,,,,126000000.000,,,,115000000.000,,,,122000000.000
IncreaseDecreaseInAccountsPayable,117000000.000,,,,116000000.000,,,55000000.000,,,,89000000.000,,,,2000000.000,,,,-54000000.000,,,,-41000000.000
IncreaseDecreaseInAccruedLiabilitiesAndOtherOperatingLiabilities,,,,,,,,,,,,3000000.000,,,,-10000000.000,,,,-14000000.000,,,,-26000000.000
IncreaseDecreaseInInventories,80000000.000,,,,74000000.000,,,8000000.000,,,,40000000.000,,,,-17000000.000,,,,-39000000.000,,,,-31000000.000
IncreaseDecreaseInLeaseAcquisitionCosts,,,,,,,,,,,,,,,,,,,,1000000.000,,,,1000000.000
IncreaseDecreaseInOtherAccruedLiabilities,-13000000.000,,,,-29000000.000,,,-46000000.000,,,,,,,,,,,,,,,,
IncreaseDecreaseInOtherOperatingCapitalNet,-6000000.000,,,,38000000.000,,,-77000000.000,,,,-24000000.000,,,,7000000.000,,,,-37000000.000,,,,6000000.000
IncrementalCommonSharesAttributableToShareBasedPaymentArrangements,,1500000.000,1300000.000,,2500000.000,2500000.000,2900000.000,2300000.000,1900000.000,1800000.000,,2200000.000,1900000.000,2100000.000,,2000000.000,1700000.000,1600000.000,,1300000.000,1100000.000,1100000.000,-2400000.000,1200000.000
IndefiniteLivedIntangibleAssetsForeignCurrencyTranslationGainLoss,,,,,,,,,,,,,,,,,,,,1000000.000,,,,
InterestExpense,2000000.000,1000000.000,1000000.000,2000000.000,1000000.000,1000000.000,1000000.000,1000000.000,1000000.000,2000000.000,1000000.000,1000000.000,1000000.000,1000000.000,2000000.000,1000000.000,1000000.000,1000000.000,1000000.000,,1000000.000,1000000.000,,
InterestIncomeExpenseNet,,,,,,,,,,,,,,,,,,,,,-1000000.000,-1000000.000,,
InterestPaid,,,,,,,,,,,,0.000,,,,0.000,,,,,,,,
LossContingencyLossInPeriod,,,,,,,,,,,,,,,,,,100000000.000,,,,,,
NetCashProvidedByUsedInFinancingActivities,-51000000.000,,,,-36000000.000,,,-20000000.000,,,,-86000000.000,,,,-127000000.000,,,,-112000000.000,,,,-79000000.000
NetCashProvidedByUsedInFinancingActivitiesContinuingOperations,-51000000.000,,,,-36000000.000,,,-20000000.000,,,,-86000000.000,,,,-127000000.000,,,,-112000000.000,,,,-79000000.000
NetCashProvidedByUsedInInvestingActivities,-29000000.000,,,,-89000000.000,,,-48000000.000,,,,-42000000.000,,,,-60000000.000,,,,-65000000.000,,,,-75000000.000
NetCashProvidedByUsedInInvestingActivitiesContinuingOperations,-29000000.000,,,,-89000000.000,,,-48000000.000,,,,-42000000.000,,,,-60000000.000,,,,-65000000.000,,,,-75000000.000
NetCashProvidedByUsedInOperatingActivities,154000000.000,,,,133000000.000,,,251000000.000,,,,272000000.000,,,,213000000.000,,,,212000000.000,,,,159000000.000
NetCashProvidedByUsedInOperatingActivitiesContinuingOperations,154000000.000,,,,133000000.000,,,251000000.000,,,,272000000.000,,,,213000000.000,,,,212000000.000,,,,159000000.000
NetIncomeLoss,94000000.000,37000000.000,66000000.000,81000000.000,128000000.000,59000000.000,106000000.000,138000000.000,66000000.000,104000000.000,121000000.000,162000000.000,92000000.000,120000000.000,146000000.000,184000000.000,119000000.000,80000000.000,158000000.000,191000000.000,127000000.000,157000000.000,189000000.000,180000000.000
NumberOfReportableSegments,,,,,,,,,,,,2.000,,,,,,,,,,,,
OperatingIncomeLoss,,59000000.000,106000000.000,,202000000.000,93000000.000,156000000.000,215000000.000,106000000.000,162000000.000,181000000.000,254000000.000,144000000.000,187000000.000,220000000.000,290000000.000,186000000.000,117000000.000,244000000.000,296000000.000,198000000.000,228000000.000,278000000.000,268000000.000
OtherComprehensiveIncomeAvailableForSaleSecuritiesAdjustmentNetOfTaxPeriodIncreaseDecrease,,,-1000000.000,,,,,,,,,,,,,,,,,,,,,
OtherComprehensiveIncomeDerivativesQualifyingAsHedgesNetOfTaxPeriodIncreaseDecrease,1000000.000,-1000000.000,-1000000.000,-1000000.000,,,,,,,,,,,,,,,,,,,,
OtherComprehensiveIncomeForeignCurrencyTransactionAndTranslationAdjustmentNetOfTaxPeriodIncreaseDecrease,61000000.000,-18000000.000,-31000000.000,-35000000.000,7000000.000,,,,,,,,,,,,,,,,,,,
OtherComprehensiveIncomeLossAvailableForSaleSecuritiesAdjustmentNetOfTax,,,,,,1000000.000,,1000000.000,-1000000.000,0.000,0.000,0.000,0.000,,,,,,,,1000000.000,,,
OtherComprehensiveIncomeLossBeforeReclassificationsNetOfTax,,,,,,,,,,,,20000000.000,,,,-1000000.000,,,,41000000.000,,,,4000000.000
OtherComprehensiveIncomeLossDerivativesQualifyingAsHedgesNetOfTax,,,,,,-1000000.000,2000000.000,-1000000.000,1000000.000,-2000000.000,-3000000.000,1000000.000,-1000000.000,1000000.000,-2000000.000,-1000000.000,0.000,2000000.000,4000000.000,,3000000.000,1000000.000,,-1000000.000
OtherComprehensiveIncomeLossForeignCurrencyTransactionAndTranslationAdjustmentNetOfTax,,,,,,-49000000.000,35000000.000,-21000000.000,-6000000.000,22000000.000,-20000000.000,19000000.000,-19000000.000,-42000000.000,-90000000.000,1000000.000,-23000000.000,-10000000.000,-12000000.000,44000000.000,-27000000.000,-14000000.000,-11000000.000,4000000.000
OtherComprehensiveIncomeLossForeignCurrencyTranslationAdjustmentTax,,,,,,,,2000000.000,,,,,,,,,,,,,,,,
OtherComprehensiveIncomeLossNetOfTax,,,,,,,,-18000000.000,,,,22000000.000,,,,1000000.000,,,,43000000.000,,,,6000000.000
OtherComprehensiveIncomeLossReclassificationAdjustmentFromAOCIPensionAndOtherPostretirementBenefitPlansBeforeTax,,,,,,,,,,,,3000000.000,,,,3000000.000,,,,3000000.000,,,,3000000.000
OtherComprehensiveIncomeLossReclassificationAdjustmentFromAOCIPensionAndOtherPostretirementBenefitPlansForNetGainLossNetOfTax,,,,,,,,,-2000000.000,-3000000.000,,-2000000.000,-2000000.000,-2000000.000,-2000000.000,-1000000.000,-3000000.000,-3000000.000,-1000000.000,1000000.000,-3000000.000,-3000000.000,-3000000.000,-3000000.000
OtherComprehensiveIncomeLossReclassificationAdjustmentFromAOCIPensionAndOtherPostretirementBenefitPlansForNetGainLossTax,,,,,,,,,2000000.000,1000000.000,,1000000.000,1000000.000,2000000.000,0.000,1000000.000,1000000.000,1000000.000,2000000.000,1000000.000,1000000.000,1000000.000,1000000.000,1000000.000
OtherComprehensiveIncomeLossReclassificationAdjustmentFromAOCIPensionAndOtherPostretirementBenefitPlansNetOfTax,,,,,,,,,,,,2000000.000,,,,2000000.000,,,,2000000.000,,,,2000000.000
OtherComprehensiveIncomeLossReclassificationAdjustmentFromAOCIPensionAndOtherPostretirementBenefitPlansTax,,,,,,,,,,,,1000000.000,,,,1000000.000,,,,1000000.000,,,,1000000.000
OtherComprehensiveIncomeLossReclassificationPensionAndOtherPostretirementBenefitPlansNetGainLossRecognizedInNetPeriodicBenefitCostTax,,,,,,1000000.000,1000000.000,1000000.000,,,,,,,,,,,,,,,,
OtherComprehensiveIncomeReclassificationOfDefinedBenefitPlansNetGainLossRecognizedInNetPeriodicBenefitCostNetOfTax,1000000.000,1000000.000,2000000.000,2000000.000,2000000.000,2000000.000,2000000.000,2000000.000,,,,,,,,,,,,,,,,
OtherComprehensiveIncomeReclassificationOfDefinedBenefitPlansNetGainLossRecognizedInNetPeriodicBenefitCostTax,-1000000.000,-1000000.000,,,1000000.000,,,,,,,,,,,,,,,,,,,
OtherComprehensiveIncomeUnrealizedGainLossOnDerivativesArisingDuringPeriodNetOfTax,,-1000000.000,,,,,,,,,,,,,,,,,,,,,,
OtherNonoperatingIncome,1000000.000,,,,,1000000.000,,2000000.000,1000000.000,0.000,1000000.000,1000000.000,1000000.000,1000000.000,6000000.000,1000000.000,0.000,1000000.000,2000000.000,2000000.000,1000000.000,,,1000000.000
PaymentsForRepurchaseOfCommonStock,30000000.000,,,,27000000.000,,,,,,,70000000.000,,,,129000000.000,,,,88000000.000,,,,38000000.000
PaymentsOfDividendsCommonStock,25000000.000,,,,28000000.000,,,30000000.000,,,,32000000.000,,,,35000000.000,,,,37000000.000,,,,41000000.000
PaymentsRelatedToTaxWithholdingForShareBasedCompensation,,,,,,,,,,,,,,,,,,,,,,,,9000000.000
PaymentsToAcquireBusinessesGross,,,,,,,,,87000000.000,,,,,,,,,1000000.000,,,,,,
PaymentsToAcquireProductiveAssets,29000000.000,,,,39000000.000,,,50000000.000,,,,49000000.000,,,,60000000.000,,,,65000000.000,,,,75000000.000
PaymentsToAcquireShortTermInvestments,,,,,50000000.000,,,19000000.000,,,,0.000,,,,,,,,,,,,
PensionAndOtherPostretirementBenefitContributions,,,,,,,,,,,,,,,,,0.000,,,,,,,
PensionContributions,1000000.000,,,,,,,,,,,2000000.000,,,,0.000,,,,25000000.000,,,,25000000.000
ProceedsFromIssuanceOfCommonStock,3000000.000,,,,14000000.000,,,6000000.000,,,,10000000.000,,,,23000000.000,,,,,,,,
ProceedsFromSaleAndMaturityOfMarketableSecurities,,,,,,,,19000000.000,,,,,,,,,,,,,,,,
ProceedsFromSaleMaturityAndCollectionOfShorttermInvestments,,,,,,,,,,,,7000000.000,,,,0.000,,,,,,,,
ProceedsFromStockOptionsExercised,,,,,,,,,,,,,,,,,,,,7000000.000,,,,9000000.000
ReclassificationFromAccumulatedOtherComprehensiveIncomeCurrentPeriodNetOfTax,,,,,,,,,,,,-2000000.000,,,,2000000.000,,,,2000000.000,,,,2000000.000
RepaymentsOfDebtAndCapitalLeaseObligations,,,,,,,,,,,,1000000.000,,,,0.000,,,,,,,,
RestrictedStockExpense,,,,,,,,,,,,3000000.000,3000000.000,3000000.000,,,,,,,,,,
Revenues,1452000000.000,1275000000.000,1394000000.000,1502000000.000,1578000000.000,1367000000.000,1524000000.000,1638000000.000,1454000000.000,1622000000.000,1791000000.000,1868000000.000,1641000000.000,1731000000.000,1911000000.000,1916000000.000,1695000000.000,1794000000.000,2007000000.000,1987000000.000,1780000000.000,1886000000.000,2113000000.000,2001000000.000
SalesRevenueNet,1452000000.000,1275000000.000,1394000000.000,1502000000.000,1578000000.000,1367000000.000,1524000000.000,1638000000.000,1454000000.000,1622000000.000,1791000000.000,1868000000.000,1641000000.000,1731000000.000,1911000000.000,1916000000.000,1695000000.000,1794000000.000,2007000000.000,1987000000.000,1780000000.000,1886000000.000,2113000000.000,2001000000.000
SellingGeneralAndAdministrativeExpense,298000000.000,301000000.000,320000000.000,325000000.000,306000000.000,306000000.000,319000000.000,315000000.000,314000000.000,340000000.000,365000000.000,355000000.000,343000000.000,353000000.000,375000000.000,345000000.000,331000000.000,352000000.000,387000000.000,361000000.000,350000000.000,366000000.000,395000000.000,371000000.000
ShareBasedCompensation,4000000.000,,,,6000000.000,4000000.000,5000000.000,8000000.000,5000000.000,6000000.000,6000000.000,6000000.000,6000000.000,6000000.000,6000000.000,6000000.000,5000000.000,6000000.000,5000000.000,5000000.000,6000000.000,6000000.000,5000000.000,5000000.000
ShareBasedCompensationArrangementByShareBasedPaymentAwardEquityInstrumentsOtherThanOptionsForfeitedInPeriod,,,,,,,,,,,,28000.000,,,,,,,,,,,,
ShareBasedCompensationArrangementByShareBasedPaymentAwardEquityInstrumentsOtherThanOptionsGrantsInPeriod,,,,,,,,,,,,298000.000,,,,,,,,,,,,
ShareBasedCompensationArrangementByShareBasedPaymentAwardEquityInstrumentsOtherThanOptionsVestedInPeriod,,,,,,,,,,,,462000.000,,,,,,,,,,,,
ShareBasedCompensationArrangementByShareBasedPaymentAwardOptionsExercisesInPeriodTotalIntrinsicValue,,6000000.000,,,11000000.000,4000000.000,9000000.000,5000000.000,8000000.000,2000000.000,6000000.000,11000000.000,4000000.000,6000000.000,1000000.000,36000000.000,29000000.000,31000000.000,3000000.000,14000000.000,12000000.000,19000000.000,11000000.000,15000000.000
ShareBasedCompensationArrangementByShareBasedPaymentAwardOptionsForfeituresAndExpirationsInPeriod,,,,,24000.000,,,19000.000,,,,7000.000,,,,49000.000,,,,18000.000,,,,2000.000
ShareBasedCompensationArrangementByShareBasedPaymentAwardOptionsGrantsInPeriod,,,,,930000.000,,,1126000.000,,,,762000.000,,,,682000.000,,,,465000.000,,,,496000.000
ShareBasedCompensationArrangementByShareBasedPaymentAwardOptionsGrantsInPeriodWeightedAverageGrantDateFairValue,,,,,30.920,,,,,,,,,,,,,,,,,,,
ShareBasedCompensationArrangementsByShareBasedPaymentAwardOptionsExercisesInPeriodWeightedAverageExercisePrice,,,,,,,,17.780,,,,21.270,,,,22.840,,,,22.160,,,,27.830
ShareBasedCompensationArrangementsByShareBasedPaymentAwardOptionsForfeituresInPeriodWeightedAverageExercisePrice,,,,,,,,24.680,,,,27.970,,,,48.470,,,,52.960,,,,41.810
ShareBasedCompensationArrangementsByShareBasedPaymentAwardOptionsGrantsInPeriodWeightedAverageExercisePrice,,,,,,,,34.240,,,,45.080,,,,62.110,,,,63.790,,,,72.830
ShareBasedCompensationSharesAuthorizedUnderStockOptionPlansExercisePriceRangeLowerRangeLimit,,,,,9.850,,,9.850,,,,,,,,,,,,,,,,
ShareBasedCompensationSharesAuthorizedUnderStockOptionPlansExercisePriceRangeUpperRangeLimit,,,,,30.920,,,35.500,,,,,,,,,,,,,,,,
SharebasedCompensationArrangementBySharebasedPaymentAwardOptionsVestedInPeriodFairValue1,,,,,,,,,,,,,,,,,,,,8000000.000,,,,
StockIssuedDuringPeriodSharesStockOptionsExercised,,,,,826000.000,,,346000.000,,,,469000.000,,,,1000000.000,,,,324000.000,,,,315000.000
WeightedAverageNumberOfDilutedSharesOutstanding,155700000.000,155200000.000,153600000.000,-310100000.000,154300000.000,153900000.000,153900000.000,152700000.000,151400000.000,149500000.000,-303100000.000,147600000.000,146400000.000,145700000.000,-293700000.000,142100000.000,141300000.000,140900000.000,-283500000.000,137800000.000,135500000.000,134000000.000,-272200000.000,132600000.000
WeightedAverageNumberOfSharesOutstandingBasic,154400000.000,153700000.000,152300000.000,-307400000.000,151800000.000,151400000.000,151000000.000,150400000.000,149500000.000,147700000.000,-299200000.000,145400000.000,144500000.000,143600000.000,-289600000.000,140100000.000,139600000.000,139300000.000,-279900000.000,136500000.000,134400000.000,132900000.000,-269800000.000,131400000.000
