,2011-07-01,2011-09-30,2012-03-30,2012-06-29,2012-09-28,2012-12-28,2013-03-29,2013-06-28,2013-09-27,2014-04-04,2014-07-04,2014-10-03,2015-01-02,2015-04-03,2015-07-03,2015-10-02,2016-01-01,2016-04-01,2016-07-01,2016-09-30,2016-12-30,2017-03-31
AccretionAmortizationOfDiscountsAndPremiumsInvestments,,,-145000.000,,,,-79000.000,,,-225000.000,,,,-213000.000,,,,-22000.000,,,,0.000
AntidilutiveSecuritiesExcludedFromComputationOfEarningsPerShareAmount,,,,,,,,,,,0.000,0.000,,,,,,,,,,
AvailableForSaleDebtSecuritiesGrossUnrealizedGain,,,,,,,,,3000.000,,,,,,,,,,,,,
AvailableForSaleDebtSecuritiesGrossUnrealizedLoss,,,,,,,,,-6000.000,3000.000,,,,,,,,,,,,
AvailableForSaleSecuritiesGrossUnrealizedGains,,,,,,,,,,43000.000,,,,,,,,,,,,
CapitalExpendituresIncurredButNotYetPaid,,,,,,,,,,,,,,,,,,223000.000,,,,405000.000
CashAndCashEquivalentsPeriodIncreaseDecrease,,,-5919000.000,,,,-11767000.000,,,-17327000.000,,,,-5832000.000,,,,-27216000.000,,,,-27881000.000
CommonStockDividendsPerShareCashPaid,,,,,,,,,,0.250,0.250,0.250,,0.300,0.150,0.150,,0.180,0.180,0.180,,0.210
CommonStockDividendsPerShareDeclared,,,,,,,,,,0.250,0.250,0.250,0.250,0.300,0.150,0.150,-0.000,0.180,0.180,0.180,0.180,0.210
ComprehensiveIncomeNetOfTax,8296000.000,8561000.000,8415000.000,10046000.000,10514000.000,8471000.000,7503000.000,10862000.000,11647000.000,9220000.000,11589000.000,10187000.000,8692000.000,9825000.000,11852000.000,11533000.000,9488000.000,15430000.000,9947000.000,11084000.000,9698000.000,16748000.000
CostOfReimbursableExpense,4533000.000,4564000.000,5455000.000,6166000.000,6573000.000,7897000.000,3668000.000,3586000.000,5135000.000,2995000.000,4243000.000,4293000.000,3964000.000,4152000.000,4592000.000,4491000.000,3892000.000,4206000.000,3961000.000,3452000.000,4260000.000,3655000.000
DeferredIncomeTaxExpenseBenefit,,,-600000.000,,,,-1254000.000,,,-3324000.000,,,,-1938000.000,,,,-430000.000,,,,426000.000
DepreciationAndAmortization,,,1144000.000,1182000.000,1133000.000,1252000.000,1149000.000,1235000.000,1283000.000,1322000.000,1311000.000,1346000.000,1425000.000,1381000.000,1324000.000,1329000.000,1445000.000,1403000.000,1524000.000,1582000.000,1622000.000,1566000.000
EarningsPerShareBasic,0.570,0.630,0.590,0.750,0.750,0.610,0.580,0.800,0.820,0.680,0.830,0.820,0.690,0.780,0.440,0.440,-0.020,0.580,0.390,0.430,0.390,0.630
EarningsPerShareDiluted,0.550,0.600,0.570,0.720,0.720,0.590,0.560,0.770,0.790,0.660,0.810,0.800,0.670,0.750,0.430,0.430,-0.010,0.560,0.380,0.420,0.390,0.610
EffectOfExchangeRateOnCashAndCashEquivalents,,,254000.000,,,,-674000.000,,,148000.000,,,,-156000.000,,,,-62000.000,,,,118000.000
ExcessTaxBenefitFromShareBasedCompensationFinancingActivities,,,2435000.000,,,,3774000.000,,,4499000.000,,,,4431000.000,,,,0.000,,,,
ExcessTaxBenefitFromShareBasedCompensationOperatingActivities,,,2435000.000,,,,3774000.000,,,4499000.000,,,,4431000.000,,,,0.000,,,,
GeneralAndAdministrativeExpense,2984000.000,2954000.000,2917000.000,3148000.000,3500000.000,3994000.000,3432000.000,3687000.000,3695000.000,3698000.000,3748000.000,4363000.000,4033000.000,3488000.000,4087000.000,3963000.000,3757000.000,3514000.000,4145000.000,3748000.000,4085000.000,4224000.000
GoodwillAcquiredDuringPeriod,,,,,,,,,,,0.000,0.000,,0.000,0.000,0.000,,0.000,,,,
GoodwillImpairmentLoss,,,,,,,,,,,0.000,0.000,,0.000,0.000,0.000,,0.000,,,,
GoodwillOtherChanges,,,,,,,,,,,0.000,0.000,,0.000,0.000,0.000,,0.000,,,,
GoodwillPeriodIncreaseDecrease,,,,,,,,,,,0.000,0.000,,0.000,0.000,0.000,,0.000,,,,
IncomeLossFromContinuingOperationsBeforeIncomeTaxesMinorityInterestAndIncomeLossFromEquityMethodInvestments,13960000.000,14400000.000,13733000.000,17248000.000,16330000.000,14438000.000,13505000.000,18271000.000,17515000.000,15365000.000,18398000.000,18375000.000,15827000.000,17071000.000,19292000.000,18773000.000,15997000.000,17734000.000,16677000.000,17920000.000,16791000.000,17410000.000
IncomeTaxExpenseBenefit,5743000.000,5656000.000,5532000.000,6921000.000,6105000.000,5966000.000,5529000.000,7423000.000,6421000.000,6211000.000,7134000.000,7335000.000,6584000.000,6738000.000,7595000.000,7054000.000,6147000.000,2384000.000,6224000.000,6631000.000,6403000.000,834000.000
IncomeTaxesPaid,,,,,,,623000.000,,,428000.000,,,,390000.000,,,,1001000.000,,,,446000.000
IncreaseDecreaseInAccountsPayableAndAccruedLiabilities,,,3555000.000,,,,240000.000,,,8167000.000,,,,4553000.000,,,,-2300000.000,,,,3000.000
IncreaseDecreaseInAccountsReceivable,,,1334000.000,,,,-4674000.000,,,8215000.000,,,,2098000.000,,,,6769000.000,,,,9395000.000
IncreaseDecreaseInDeferredRevenue,,,-807000.000,,,,-1237000.000,,,433000.000,,,,-2450000.000,,,,-1291000.000,,,,-1479000.000
IncreaseDecreaseInEmployeeRelatedLiabilities,,,-16174000.000,,,,-15401000.000,,,-9838000.000,,,,-12017000.000,,,,-11944000.000,,,,-12491000.000
IncreaseDecreaseInOtherDeferredLiability,,,,,,,,,,-99000.000,,,,-145000.000,,,,-110000.000,,,,-129000.000
IncreaseDecreaseInPrepaidDeferredExpenseAndOtherAssets,,,-2240000.000,,,,3121000.000,,,4988000.000,,,,-2689000.000,,,,-728000.000,,,,2974000.000
InvestmentIncomeInterest,41000.000,79000.000,77000.000,88000.000,80000.000,83000.000,45000.000,36000.000,,,,,,,,,,,,,,
InvestmentIncomeNet,,,,,,,,,14000.000,44000.000,40000.000,33000.000,33000.000,34000.000,34000.000,47000.000,92000.000,139000.000,171000.000,179000.000,194000.000,234000.000
LaborAndRelatedExpense,38508000.000,36051000.000,46175000.000,41857000.000,42589000.000,41188000.000,48562000.000,44432000.000,44801000.000,48858000.000,46049000.000,43948000.000,44678000.000,51115000.000,45777000.000,42853000.000,44757000.000,52017000.000,47040000.000,47797000.000,46543000.000,54418000.000
LiabilitiesAssumed1,,,,,,,694000.000,,,800000.000,,,,0.000,,,,,,,,
NetCashProvidedByUsedInFinancingActivities,,,-3480000.000,,,,-15192000.000,,,-11580000.000,,,,-10070000.000,,,,-15436000.000,,,,-15908000.000
NetCashProvidedByUsedInFinancingActivitiesContinuingOperations,,,-3480000.000,,,,-15192000.000,,,-11580000.000,,,,-10070000.000,,,,-15436000.000,,,,-15908000.000
NetCashProvidedByUsedInInvestingActivities,,,-1294000.000,,,,9281000.000,,,225000.000,,,,2693000.000,,,,-12031000.000,,,,-10307000.000
NetCashProvidedByUsedInInvestingActivitiesContinuingOperations,,,-1294000.000,,,,9281000.000,,,225000.000,,,,2693000.000,,,,-12031000.000,,,,-10307000.000
NetCashProvidedByUsedInOperatingActivities,,,-1399000.000,,,,-5182000.000,,,-6120000.000,,,,1701000.000,,,,313000.000,,,,-1784000.000
NetCashProvidedByUsedInOperatingActivitiesContinuingOperations,,,-1399000.000,,,,-5182000.000,,,-6120000.000,,,,1701000.000,,,,313000.000,,,,-1784000.000
NetIncomeLoss,8217000.000,8744000.000,8201000.000,10327000.000,10225000.000,8472000.000,7976000.000,10848000.000,11094000.000,9154000.000,11264000.000,11040000.000,9243000.000,10333000.000,11697000.000,11719000.000,9850000.000,15350000.000,10453000.000,11289000.000,10388000.000,16576000.000
NonoperatingIncomeExpense,583000.000,-2124000.000,1917000.000,-113000.000,1602000.000,723000.000,2654000.000,678000.000,2355000.000,1271000.000,2314000.000,-863000.000,1544000.000,2043000.000,587000.000,-2148000.000,1511000.000,1298000.000,1746000.000,2325000.000,1159000.000,2776000.000
NumberOfOperatingSegments,,,,,,,2.000,,,2.000,,,,2.000,,,,2.000,,,,
OperatingExpenses,51729000.000,49427000.000,60109000.000,57123000.000,58570000.000,59231000.000,61809000.000,57912000.000,60071000.000,61868000.000,60490000.000,59319000.000,59478000.000,65265000.000,61159000.000,58073000.000,59402000.000,66720000.000,62364000.000,62017000.000,62064000.000,69488000.000
OperatingIncomeLoss,13377000.000,16524000.000,11816000.000,17361000.000,14728000.000,13715000.000,10851000.000,17593000.000,15160000.000,14094000.000,16084000.000,19238000.000,14133000.000,15028000.000,18705000.000,20921000.000,14279000.000,16436000.000,14931000.000,15595000.000,14949000.000,14634000.000
OtherComprehensiveIncomeForeignCurrencyTransactionAndTranslationAdjustmentNetOfTaxPeriodIncreaseDecrease,53000.000,-206000.000,188000.000,,,,,,,,,,,,,,,,,,,
OtherComprehensiveIncomeLossForeignCurrencyTransactionAndTranslationAdjustmentNetOfTax,,,,-267000.000,306000.000,,-461000.000,24000.000,556000.000,52000.000,317000.000,-840000.000,-546000.000,-501000.000,165000.000,-199000.000,-287000.000,-5000.000,-505000.000,-186000.000,-544000.000,136000.000
OtherComprehensiveIncomeUnrealizedHoldingGainLossOnSecuritiesArisingDuringPeriodNetOfTax,26000.000,23000.000,26000.000,-14000.000,-17000.000,-23000.000,-12000.000,-10000.000,-3000.000,14000.000,8000.000,-13000.000,-5000.000,-7000.000,-10000.000,13000.000,-75000.000,85000.000,-1000.000,-19000.000,-146000.000,36000.000
OtherCostAndExpenseOperating,5704000.000,5858000.000,5562000.000,5952000.000,5908000.000,6152000.000,6147000.000,6207000.000,6440000.000,6317000.000,6450000.000,6715000.000,6803000.000,6510000.000,6703000.000,6766000.000,6996000.000,6983000.000,7218000.000,7020000.000,7176000.000,7191000.000
OtherNonoperatingIncomeExpense,542000.000,-2203000.000,1840000.000,-201000.000,1522000.000,640000.000,2609000.000,642000.000,2341000.000,1227000.000,2274000.000,-896000.000,1661000.000,2009000.000,553000.000,-2195000.000,1626000.000,1159000.000,1575000.000,2146000.000,1648000.000,2542000.000
PaymentsForRepurchaseOfCommonStock,,,3520000.000,,,,11490000.000,,,6831000.000,,,,3500000.000,,,,3500000.000,,,,1304000.000
PaymentsOfDividends,,,,,,,1969000.000,,,3310000.000,,,,4023000.000,,,,4628000.000,,,,5374000.000
PaymentsOfDividendsCommonStock,,,,,,,,,,3262000.000,3270000.000,3262000.000,3216000.000,3858000.000,3887000.000,3870000.000,3867000.000,4628000.000,4675000.000,4659000.000,4607000.000,5374000.000
PaymentsRelatedToTaxWithholdingForShareBasedCompensation,,,3483000.000,,,,6119000.000,,,6267000.000,,,,7267000.000,,,,7613000.000,,,,9517000.000
PaymentsToAcquirePropertyPlantAndEquipment,,,1294000.000,648000.000,1483000.000,1517000.000,1959000.000,1742000.000,892000.000,915000.000,1061000.000,1930000.000,1041000.000,627000.000,1087000.000,2641000.000,1024000.000,1481000.000,1901000.000,9681000.000,1330000.000,1307000.000
PaymentsToAcquireShortTermInvestments,,,,,,,,,,,,,,,,,,12000000.000,,,,9000000.000
ProceedsFromIssuanceOfSharesUnderIncentiveAndShareBasedCompensationPlansIncludingStockOptions,,,1088000.000,,,,612000.000,,,329000.000,,,,289000.000,,,,305000.000,,,,287000.000
ProceedsFromMaturitiesPrepaymentsAndCallsOfShorttermInvestments,,,,,,,11240000.000,,,1140000.000,,,,3320000.000,,,,1450000.000,,,,0.000
ProvisionForDoubtfulAccounts,,,298000.000,,,,135000.000,,,249000.000,,,,390000.000,,,,434000.000,,,,458000.000
ReimbursementRevenue,4533000.000,4564000.000,5455000.000,6166000.000,6573000.000,7897000.000,3668000.000,3586000.000,5135000.000,2995000.000,4243000.000,4293000.000,3964000.000,4152000.000,4592000.000,4491000.000,3892000.000,4206000.000,3961000.000,3452000.000,4260000.000,3655000.000
Revenues,65106000.000,65951000.000,71925000.000,74484000.000,73298000.000,72946000.000,72660000.000,75505000.000,75231000.000,75962000.000,76574000.000,78557000.000,73611000.000,80293000.000,79864000.000,78994000.000,73681000.000,83156000.000,77295000.000,77612000.000,77013000.000,84122000.000
SalesRevenueNet,65106000.000,65951000.000,71925000.000,74484000.000,73298000.000,72946000.000,72660000.000,75505000.000,75231000.000,75962000.000,76574000.000,78557000.000,73611000.000,80293000.000,79864000.000,78994000.000,73681000.000,83156000.000,77295000.000,77612000.000,77013000.000,84122000.000
SalesRevenueServicesNet,60573000.000,61387000.000,66470000.000,68318000.000,66725000.000,65049000.000,68992000.000,71919000.000,70096000.000,72967000.000,72331000.000,74264000.000,69647000.000,76141000.000,75272000.000,74503000.000,69789000.000,78950000.000,73334000.000,74160000.000,72753000.000,80467000.000
ShareBasedCompensation,,,4457000.000,,,,5291000.000,,,5293000.000,,,,5221000.000,,,,5220000.000,,,,5655000.000
StockRepurchaseProgramRemainingAuthorizedRepurchaseAmount,,,,,,,44335000.000,,,23369000.000,,,,,,,,,,,,
TreasuryStockReissuedAtLowerThanRepurchasePrice,,,,,,,,,,6050000.000,0.000,0.000,0.000,4943000.000,,,,5791000.000,,,,5667000.000
TreasuryStockSharesAcquired,,,,,,,229433.000,,,102719.000,,,,40483.000,,,,72724.000,,,,22666.000
TreasuryStockValueAcquiredCostMethod,,,,,,,11676000.000,,,7631000.000,,,,3500000.000,,,,3500000.000,,,,1304000.000
WeightedAverageNumberOfDilutedSharesOutstanding,14971000.000,14554000.000,14419000.000,14316000.000,14196000.000,-28638000.000,14125000.000,14007000.000,13993000.000,13940000.000,13873000.000,13824000.000,-27804000.000,13695000.000,27368000.000,27268000.000,-41033000.000,27239000.000,27264000.000,27185000.000,-54522000.000,26981000.000
WeightedAverageNumberOfSharesOutstandingBasic,14402000.000,13975000.000,13859000.000,13835000.000,13694000.000,-27608000.000,13667000.000,13637000.000,13598000.000,13537000.000,13520000.000,13469000.000,-27071000.000,13311000.000,26714000.000,26597000.000,-40016000.000,26513000.000,26631000.000,26545000.000,-53201000.000,26302000.000
