,2011-06-30,2011-09-30,2012-03-31,2012-06-30,2012-09-30,2012-12-31,2013-03-31,2013-06-30,2013-09-30,2013-12-31,2014-03-31,2014-06-30,2014-09-30,2014-12-31,2015-03-31
AdjustmentForAmortization,,,,,,,-34000.000,,,,,,,,
AdjustmentsToReconcileNetIncomeLossToCashProvidedByUsedInOperatingActivities,,,,,,,,,,,,,,,734000.000
AllowanceForDoubtfulAccountsReceivableChargeOffs,,,,,,,-6.000,,,,,,,,
AllowanceForDoubtfulAccountsReceivableRecoveries,,,,,,,,,,,-14000.000,,,,
AllowanceForLoanAndLeaseLossesForeignCurrencyTranslation,,,,,,,-2.000,,,,,,,,
AmortizationOfDebtDiscountPremium,,,-45000.000,,,,,,,,,,,,
AmortizationOfIntangibleAssets,,,,,34000.000,,,,34000.000,,-34000.000,,,,-34000.000
AntidilutiveSecuritiesExcludedFromComputationOfEarningsPerShareAmount,,,,,,,,,,,351000.000,,,,304008.000
CapitalExpendituresIncurredButNotYetPaid,,,0.000,,,,53000.000,,,,410000.000,,,,
CashAndCashEquivalentsPeriodIncreaseDecrease,,,670000.000,,,,-440000.000,,,,1515000.000,,,,-673000.000
CashProvidedByUsedInFinancingActivitiesDiscontinuedOperations,,,,,,,,,,,,,,,-726000.000
CashProvidedByUsedInInvestingActivitiesDiscontinuedOperations,,,300000.000,,,,,,,,,,,,13000.000
CashProvidedByUsedInOperatingActivitiesDiscontinuedOperations,,,0.000,,,,,,,,,,,,405000.000
ComprehensiveIncomeNetOfTax,,,,,,,-1217000.000,-113000.000,410000.000,958000.000,-687000.000,-543000.000,-308000.000,1358000.000,-1095000.000
ComprehensiveIncomeNetOfTaxIncludingPortionAttributableToNoncontrollingInterest,,,-399000.000,51000.000,398000.000,,,,,,,,,,
ConcentrationRiskPercentage1,,,,,,,,,,,,,,,0.100
CostOfRevenue,5173000.000,6355000.000,5430000.000,6205000.000,5752000.000,6654000.000,5414000.000,5570000.000,4568000.000,6631000.000,5758000.000,6625000.000,6284000.000,5817000.000,
DeferredIncomeTaxExpenseBenefit,,,-14000.000,,,,109000.000,,,,,,,,
Depreciation,,,,,,,,,118000000000.000,,100000.000,,100000.000,,100000.000
DepreciationDepletionAndAmortization,,,100000.000,,,,115000.000,,,,141000.000,,,,
DiscontinuedOperationAmountOfAdjustmentToPriorPeriodGainLossOnDisposalNetOfTax,,,,,,,,,,,,,,,-313000.000
DiscontinuedOperationGainLossFromDisposalOfDiscontinuedOperationBeforeIncomeTax,416000.000,110000.000,-9000.000,0.000,0.000,0.000,,,,,,,,,
DiscontinuedOperationGainLossOnDisposalOfDiscontinuedOperationNetOfTax,305000.000,67000.000,-9000.000,0.000,0.000,0.000,,,,,,,,,
DiscontinuedOperationIncomeLossFromDiscontinuedOperationBeforeIncomeTax,,,,,,,,,,,,,,,518000.000
DiscontinuedOperationIncomeLossFromDiscontinuedOperationDuringPhaseOutPeriodNetOfTax,,,,,,,,,,,,,,,831000.000
DiscontinuedOperationIncomeLossFromDiscontinuedOperationNetOfTaxPerBasicAndDilutedShare,,,,,,,,,,,,,,,0.050
DiscontinuedOperationTaxEffectOfIncomeLossFromDisposalOfDiscontinuedOperation,111000.000,43000.000,0.000,0.000,0.000,,,,,,,,,,
DisposalGroupIncludingDiscontinuedOperationCostsOfGoodsSold,,,,,,,,,,,,,,,5570000.000
DisposalGroupIncludingDiscontinuedOperationGeneralAndAdministrativeExpense,,,,,,,,,,,,,,,1806000.000
DisposalGroupIncludingDiscontinuedOperationGrossProfitLoss,,,,,,,,,,,,,,,2810000.000
DisposalGroupIncludingDiscontinuedOperationInterestExpense,,,,,,,,,,,,,,,-62000.000
DisposalGroupIncludingDiscontinuedOperationOperatingIncomeLoss,,,,,0.000,,,,,,,,,,721000.000
DisposalGroupIncludingDiscontinuedOperationOtherExpense,,,,,,,,,,,,,,,172000.000
DisposalGroupIncludingDiscontinuedOperationRevenue,,,,,0.000,,,,,,,,,,8380000.000
EarningsPerShareBasic,-0.080,0.000,-0.080,0.040,0.010,0.040,-0.050,-0.010,-0.040,0.060,,,,,
EarningsPerShareBasicAndDiluted,,,,,,,,,,,-0.070,-0.080,0.050,0.180,-0.010
EarningsPerShareDiluted,-0.080,0.000,-0.080,0.040,0.010,0.040,-0.050,-0.010,-0.040,0.060,,,,,
EffectOfExchangeRateOnCashAndCashEquivalents,,,339000.000,,,,-181000.000,,,,36000.000,,,,
EffectOfExchangeRateOnCashAndCashEquivalentsDiscontinuedOperations,,,,,,,,,,,,,,,-405000.000
FiniteLivedIntangibleAssetsTranslationAdjustments,,,,,,,,,,,-3000.000,,,,
GainLossOnSaleOfPropertyPlantEquipment,,,,,,,3000.000,,,,,,,,
GainsLossesOnExtinguishmentOfDebt,,0.000,,275000.000,0.000,,,,,,,,,,
GoodwillTranslationAdjustments,,,,,,,-233000.000,,,,42000.000,,,,-236000.000
GrossProfit,1777000.000,2710000.000,2109000.000,2395000.000,2483000.000,3019000.000,2277000.000,2527000.000,2059000.000,2852000.000,1999000.000,2509000.000,2537000.000,4136000.000,
IncomeLossFromContinuingOperations,,,,378000.000,121000.000,,-528000.000,-100000.000,-385000.000,621000.000,,,,,-694000.000
IncomeLossFromContinuingOperationsBeforeIncomeTaxesMinorityInterestAndIncomeLossFromEquityMethodInvestments,-1227000.000,1000.000,-750000.000,503000.000,281000.000,383000.000,-362000.000,-34000.000,-397000.000,513000.000,-763000.000,-696000.000,814000.000,1906000.000,
IncomeLossFromContinuingOperationsIncludingPortionAttributableToNoncontrollingInterest,-1184000.000,-53000.000,-862000.000,,,,,,,,,,,,
IncomeLossFromContinuingOperationsPerBasicAndDilutedShare,,,,0.040,,,-0.050,-0.010,-0.040,0.060,,,,,-0.060
IncomeLossFromContinuingOperationsPerBasicShare,-0.110,,-0.080,0.040,0.010,,-0.050,-0.010,-0.040,,,,,,
IncomeLossFromContinuingOperationsPerDilutedShare,-0.110,,-0.080,0.040,0.010,,-0.050,-0.010,-0.040,,,,,,
IncomeLossFromDiscontinuedOperationsNetOfTax,,,,0.000,0.000,,,,,,,,,,
IncomeLossFromDiscontinuedOperationsNetOfTaxAttributableToReportingEntity,,,,,0.000,,,,,,,,,,
IncomeLossFromDiscontinuedOperationsNetOfTaxPerBasicAndDilutedShare,,,,,0.000,,,,,,,,,,
IncomeLossFromDiscontinuedOperationsNetOfTaxPerBasicShare,0.030,,-0.000,0.000,0.000,,,,,,,,,,
IncomeLossFromDiscontinuedOperationsNetOfTaxPerDilutedShare,0.030,,-0.000,0.000,0.000,,,,,,,,,,
IncomeTaxCreditsAndAdjustments,,,,,,,,,90000.000,,,,,,
IncomeTaxExaminationPenaltiesAndInterestExpense,,,,,,,,,,,0.000,0.000,17000.000,,0.000
IncomeTaxExpenseBenefit,-43000.000,54000.000,112000.000,125000.000,160000.000,-83000.000,166000.000,66000.000,-12000.000,-108000.000,22000.000,140000.000,276000.000,-54000.000,
IncomeTaxesPaidNet,,,,,,,,,,,148000.000,,,,136000.000
IncreaseDecreaseInAccountsPayableAndAccruedLiabilities,,,9000.000,,,,716000.000,,,,94000.000,,,,721000.000
IncreaseDecreaseInAccountsReceivable,,,-1374000.000,,,,585000.000,,,,-1090000.000,,,,
IncreaseDecreaseInInventories,,,602000.000,,,,-317000.000,,,,566000.000,,,,
IncreaseDecreaseInPrepaidDeferredExpenseAndOtherAssets,,,-297000.000,,,,-863000.000,,,,350000.000,,,,-2000.000
IndefiniteLivedIntangibleAssetsTranslationAndPurchaseAccountingAdjustments,,,,,,,-23000.000,,,,,,,,
InsuranceRecoveries,,,,473000.000,473000.000,,0.000,0.000,0.000,,,,,,
InterestExpense,83000.000,99000.000,91000.000,92000.000,90000.000,115000.000,118000.000,136000.000,134000.000,146000.000,136000.000,155000.000,148000.000,-43000.000,
InterestPaid,,,,,,,,,,,136000.000,,,,61000.000
InventoryWriteDown,,,,,,,236000.000,,,,59000.000,,,,
InvestmentIncomeNet,12000.000,10000.000,12000.000,11000.000,11000.000,29000.000,21000.000,23000.000,21000.000,27000.000,34000.000,43000.000,58000.000,,
NetCashProvidedByUsedInContinuingOperations,,,,,,,,,,,,,,,40000.000
NetCashProvidedByUsedInDiscontinuedOperations,,,,,,,,,,,,,,,-713000.000
NetCashProvidedByUsedInFinancingActivities,,,-233000.000,,,,1393000.000,,,,1745000.000,,,,-726000.000
NetCashProvidedByUsedInFinancingActivitiesContinuingOperations,,,-233000.000,,,,1393000.000,,,,1745000.000,,,,-726000.000
NetCashProvidedByUsedInInvestingActivities,,,150000.000,,,,-2976000.000,,,,-148000.000,,,,13000.000
NetCashProvidedByUsedInInvestingActivitiesContinuingOperations,,,-150000.000,,,,-2976000.000,,,,-148000.000,,,,13000.000
NetCashProvidedByUsedInOperatingActivities,,,414000.000,,,,1324000.000,,,,-118000.000,,,,445000.000
NetCashProvidedByUsedInOperatingActivitiesContinuingOperations,,,414000.000,,,,1324000.000,,,,-118000.000,,,,40000.000
NetIncomeLoss,,,,378000.000,121000.000,,-528000.000,-100000.000,-385000.000,621000.000,-785000.000,-836000.000,538000.000,1960000.000,-176000.000
NonoperatingIncomeExpense,-75000.000,-114000.000,-157000.000,677000.000,65000.000,-113000.000,6000.000,-109000.000,-275000.000,-151000.000,-111000.000,-533000.000,141000.000,112000.000,
OperatingExpenses,2929000.000,2595000.000,2702000.000,2569000.000,2267000.000,2523000.000,2645000.000,2452000.000,2181000.000,2188000.000,2651000.000,2672000.000,1864000.000,2342000.000,
OperatingIncomeLoss,-1152000.000,115000.000,-593000.000,-174000.000,216000.000,496000.000,-368000.000,75000.000,-122000.000,664000.000,-652000.000,-163000.000,673000.000,1794000.000,
OtherComprehensiveIncomeForeignCurrencyTransactionAndTranslationAdjustmentNetOfTaxPeriodIncreaseDecrease,,,472000.000,-327000.000,277000.000,,,,,,,,,,
OtherComprehensiveIncomeForeignCurrencyTransactionAndTranslationAdjustmentNetOfTaxPortionAttributableToParent,,,,,,,-689000.000,-13000.000,795000.000,337000.000,98000.000,293000.000,-846000.000,-602000.000,-919000.000
OtherNonoperatingIncomeExpense,-4000.000,-25000.000,-78000.000,483000.000,144000.000,-27000.000,103000.000,4000.000,-162000.000,-32000.000,-9000.000,-421000.000,231000.000,204000.000,
PaymentsForMortgageDeposits,,,,,,,2100000.000,,,,,,,,
PaymentsToAcquirePropertyPlantAndEquipment,,,150000.000,,,,2976000.000,,,,148000.000,,,,
PaymentsToEmployees,,,,,,,3000.000,3000.000,1500.000,,,,,,
ProceedsFromInsuranceSettlementOperatingActivities,,,,331000.000,331000.000,,,,,,,,,,
ProceedsFromIssuanceOfLongTermDebtAndCapitalSecuritiesNet,,,,,,,,,,,685000.000,,,,
ProceedsFromLinesOfCredit,,,271000.000,,,,,,,,1467000.000,,,,
ProfitLoss,-879000.000,14000.000,-871000.000,378000.000,121000.000,,-528000.000,-100000.000,,,,,,,
PropertyPlantAndEquipmentAdditions,,,,,,,2700000000.000,,,,,,,,
ProvisionForDoubtfulAccounts,,,93000.000,,,,28000.000,,,,12000.000,,,,
RepaymentsOfLinesOfCredit,,,0.000,,,,337000.000,,,,,,,,
RepaymentsOfLongTermDebt,,,504000.000,,,,394000.000,,,,407000.000,,,,
RepaymentsOfNotesPayable,,,,,,,300000.000,,,,,,,,
ResearchAndDevelopmentExpense,439000.000,374000.000,339000.000,316000.000,274000.000,338000.000,295000.000,324000.000,289000.000,224000.000,316000.000,566000.000,360000.000,23000.000,
Revenues,6950000.000,9065000.000,7539000.000,8600000.000,8235000.000,9673000.000,7691000.000,8097000.000,6627000.000,9483000.000,7757000.000,9134000.000,8821000.000,9953000.000,8380000.000
SalesRevenueNet,6950000.000,9065000.000,7539000.000,8600000.000,8235000.000,9673000.000,7691000.000,8097000.000,6627000.000,9483000.000,7757000.000,9134000.000,8821000.000,9953000.000,8380000.000
SellingGeneralAndAdministrativeExpense,2490000.000,2221000.000,2363000.000,2253000.000,1993000.000,2185000.000,2350000.000,2128000.000,1892000.000,1964000.000,2335000.000,2106000.000,2208000.000,2319000.000,-694000.000
ShareBasedCompensation,,,7000.000,,0.000,,,,,,5000.000,,,,11000.000
StockIssuedDuringPeriodSharesRestrictedStockAwardGross,,,,,,,,,,,0.000,,,,
WeightedAverageNumberOfDilutedSharesOutstanding,10667000.000,10668000.000,10668000.000,10683000.000,10692000.000,-32032312.000,10698.000,10698.000,10705.000,-21398.000,10715.000,,,,10813.000
WeightedAverageNumberOfShareOutstandingBasicAndDiluted,,,,,,,,,,,10715.000,10720.000,10727.000,-21422.000,10813.000
WeightedAverageNumberOfSharesOutstandingBasic,10667000.000,10668000.000,10668000.000,10683000.000,10692000.000,-32032312.000,10698.000,10698.000,10705.000,-21398.000,10715.000,,,,10813.000
