,2011-09-30,2012-03-31,2012-06-30,2012-09-30,2012-12-31,2013-03-31,2013-06-30,2013-09-30,2013-12-31,2014-03-31,2014-06-30,2014-09-30,2014-12-31,2015-03-31,2015-06-30,2015-09-30,2015-12-31,2016-03-31,2016-06-30,2016-09-30,2016-12-31,2017-03-31
AmortizationOfDebtDiscountPremium,,,,,,585000.000,,,,50000.000,,,,,,,,,,,,
AmortizationOfIntangibleAssets,,,,31000.000,,378000.000,93000.000,93000.000,93000.000,93000.000,158000.000,306000.000,293000.000,302000.000,305000.000,282000.000,229000.000,228000.000,232000.000,234000.000,232000.000,235000.000
BusinessAcquisitionProFormaEarningsPerShareBasic,,,,,,-0.130,,,,,,,,,,,,,,,,
BusinessAcquisitionProFormaEarningsPerShareDiluted,,,,,,-0.130,,,,,,,,,,,,,,,,
BusinessAcquisitionsProFormaNetIncomeLoss,,,,,,-461000.000,,,,,,,,,,,,,,,,
BusinessAcquisitionsProFormaRevenue,,,,,,10361000.000,,,,,,,,,,,,,,,,
CashAndCashEquivalentsPeriodIncreaseDecrease,,3508000.000,,,,798000.000,,,,-927000.000,,,,-2327000.000,,,,-1446000.000,,,,1791000.000
ComprehensiveIncomeNetOfTax,-11000.000,-290000.000,24000.000,4116000.000,1538000.000,,,,,,,,,,,,,,,,,-2191000.000
ComprehensiveIncomeNetOfTaxAttributableToNoncontrollingInterest,,,,-86000.000,,,,,,,,,,,,,,,,,,
ComprehensiveIncomeNetOfTaxIncludingPortionAttributableToNoncontrollingInterest,,,,4030000.000,,,,,,,,,,,,,,,,,,
CostOfGoodsAndServicesSold,1850000.000,1359000.000,1556000.000,3102000.000,7773000.000,6714000.000,4903000.000,4366000.000,6315000.000,3515000.000,4729000.000,8546000.000,7390000.000,3928000.000,3913000.000,4434000.000,4009000.000,4403000.000,,,,
CostOfRevenue,,,,,,,,,,,,,,,,,,,5163000.000,4299000.000,,4572000.000
DepreciationAndAmortization,,22000.000,,,,381000.000,,,,233000.000,,,,421000.000,,,,337000.000,,,,334000.000
EarningsPerShareBasic,,,,0.630,,,,,,,,,,-0.120,,,,-0.060,-0.210,-0.220,-0.480,-0.250
EarningsPerShareBasicAndDiluted,0.060,-0.020,0.030,,,-0.130,-0.040,0.013,,-0.060,-0.220,-0.090,,,-0.100,-0.220,,,,,,
EarningsPerShareDiluted,,,,0.610,,,,,,,,,,-0.120,,,,,,,,
EffectOfExchangeRateOnCashAndCashEquivalents,,-141000.000,,,,19000.000,,,,61000.000,,,,-214000.000,,,,49000.000,,,,6000.000
EntityWideRevenueMajorCustomerPercentage,,,,0.832,,0.856,,,,,,,,,,,,,,,,
GeneralAndAdministrativeExpense,365000.000,405000.000,376000.000,428000.000,1034000.000,784000.000,866000.000,1223000.000,1306000.000,884000.000,1598000.000,1738000.000,2070000.000,1111000.000,1127000.000,1169000.000,1316000.000,1136000.000,1518000.000,1323000.000,1956000.000,1464000.000
GrossProfit,1123000.000,593000.000,924000.000,678000.000,1803000.000,3647000.000,2868000.000,3590000.000,3168000.000,2052000.000,1857000.000,2869000.000,3280000.000,1751000.000,1834000.000,1122000.000,2596000.000,2079000.000,1558000.000,1055000.000,-542000.000,687000.000
IncomeLossAttributableToParent,361000.000,,,,,,,,,,,,,,,,,,,,,
IncomeLossFromContinuingOperations,,,,-113000.000,,,,,,,,,,,,,,,,,,
IncomeLossFromContinuingOperationsBeforeIncomeTaxesExtraordinaryItemsNoncontrollingInterest,,,187000.000,3671000.000,,331000.000,148000.000,972000.000,846000.000,-106000.000,-1729000.000,-348000.000,51000.000,-966000.000,-840000.000,-1365000.000,40000.000,-473000.000,-1484000.000,-1667000.000,-4018000.000,-2229000.000
IncomeLossFromContinuingOperationsBeforeIncomeTaxesMinorityInterestAndIncomeLossFromEquityMethodInvestments,376000.000,-148000.000,,,,,,,,,,,,,,,,,,,,
IncomeLossFromContinuingOperationsIncludingPortionAttributableToNoncontrollingInterest,361000.000,-149000.000,,,,,,,,,,,,,,,,,,,,
IncomeLossFromContinuingOperationsPerBasicAndDilutedShare,0.060,-0.020,,,,,,,,,,,,,,,,,,,,
IncomeLossFromEquityMethodInvestments,,-28000.000,11000.000,58000.000,-82000.000,,,,,,,,,,,,,,,,,
IncomeLossFromEquityMethodInvestmentsNetOfDividendsOrDistributions,,-30000.000,,,,,,,,,,,,,,,,,,,,
IncomeTaxExpenseBenefit,15000.000,1000.000,11000.000,-46000.000,-102000.000,119000.000,11000.000,168000.000,198000.000,79000.000,-116000.000,46000.000,233000.000,-130000.000,-37000.000,3000.000,83000.000,31000.000,-51000.000,-144000.000,35000.000,73000.000
IncomeTaxesPaid,,9000.000,,,,,,,,,,,,,,,,,,,,
IncreaseDecreaseInAccountsPayable,,,,,,-656000.000,,,,-1052000.000,,,,-438000.000,,,,,,,,
IncreaseDecreaseInAccountsPayableAndAccruedLiabilities,,-113000.000,,,,,,,,,,,,,,,,,,,,
IncreaseDecreaseInAccountsPayableTrade,,,,,,-325000.000,,,,-716000.000,,,,-2443000.000,,,,-1303000.000,,,,-446000.000
IncreaseDecreaseInAccountsReceivable,,-2913000.000,,,,,,,,,,,,,,,,882000.000,,,,739000.000
IncreaseDecreaseInAccruedSalaries,,,,,,-874000.000,,,,-34000.000,,,,-4000.000,,,,3000.000,,,,-25000.000
IncreaseDecreaseInDeferredCharges,,,,,,5000.000,,,,38000.000,,,,132000.000,,,,,,,,
IncreaseDecreaseInDeferredIncomeTaxes,,,,,,,,,,,,,,,,,,39000.000,,,,-35000.000
IncreaseDecreaseInInterestPayableNet,,,,,,72000.000,,,,6000.000,,,,-25000.000,,,,482000.000,,,,608000.000
IncreaseDecreaseInInventories,,,,,,-1722000.000,,,,93000.000,,,,-158000.000,,,,-240000.000,,,,-112000.000
IncreaseDecreaseInInventoriesAndOtherOperatingAssets,,101000.000,,,,,,,,,,,,,,,,,,,,
IncreaseDecreaseInMarketableSecuritiesRestricted,,,,,,39000.000,,,,-125000.000,,,,-196000.000,,,,105000.000,,,,70000.000
IncreaseDecreaseInOtherAccountsPayable,,,,,,,,,,,,,,,,,,-194000.000,,,,-183000.000
IncreaseDecreaseInOtherAccruedLiabilities,,-26000.000,,,,,,,,,,,,,,,,24000.000,,,,
IncreaseDecreaseInOtherCurrentAssets,,,,,,348000.000,,,,156000.000,,,,-137000.000,,,,,,,,
IncreaseDecreaseInOtherReceivables,,,,,,-547000.000,,,,-1928000.000,,,,-1170000.000,,,,-27000.000,,,,531000.000
IncreaseDecreaseInRestrictedCash,,,,,,,,,,,,,,,,,,532000.000,,,,137000.000
InterestExpense,,,,,,1131000.000,717000.000,271000.000,,46000.000,588000.000,178000.000,,92000.000,169000.000,156000.000,193000.000,130000.000,,,,
InterestIncomeExpenseNonoperatingNet,-236000.000,-171000.000,-246000.000,-840000.000,1346000.000,,,,,,,,,,,,,,,,,
InterestPaid,,59000.000,,,,,,,,,,,,,,,,,,,,
MarketableSecuritiesGainLoss,,,,,,104000.000,,,,121000.000,,,,14000.000,,,,,,,,
NetCashProvidedByUsedInFinancingActivities,,1509000.000,,,,-556000.000,,,,-740000.000,,,,-481000.000,,,,986000.000,,,,2018000.000
NetCashProvidedByUsedInFinancingActivitiesContinuingOperations,,1509000.000,,,,-556000.000,,,,-740000.000,,,,-481000.000,,,,986000.000,,,,2018000.000
NetCashProvidedByUsedInInvestingActivities,,-282000.000,,,,-216000.000,,,,-190000.000,,,,-114000.000,,,,-586000.000,,,,2840000.000
NetCashProvidedByUsedInInvestingActivitiesContinuingOperations,,-282000.000,,,,-216000.000,,,,-190000.000,,,,-114000.000,,,,-586000.000,,,,2840000.000
NetCashProvidedByUsedInOperatingActivities,,2422000.000,,,,1570000.000,,,,3000.000,,,,-1732000.000,,,,-1846000.000,,,,-3067000.000
NetCashProvidedByUsedInOperatingActivitiesContinuingOperations,,2422000.000,,,,1570000.000,,,,3000.000,,,,-1732000.000,,,,-1846000.000,,,,-3067000.000
NetIncomeLoss,,-149000.000,,4060000.000,,-461000.000,-227000.000,78000.000,115000.000,-332000.000,-1274000.000,-506000.000,-27000.000,-705000.000,-588000.000,-1263000.000,89000.000,-339000.000,-1219000.000,-1283000.000,-2966000.000,-1612000.000
NetIncomeLossAttributableToNoncontrollingInterest,,,,-285000.000,,673000.000,364000.000,726000.000,533000.000,147000.000,-339000.000,112000.000,-155000.000,-131000.000,-215000.000,-105000.000,-132000.000,-165000.000,-214000.000,-240000.000,-1087000.000,-690000.000
OperatingExpenses,514000.000,554000.000,511000.000,790000.000,2468000.000,2185000.000,2003000.000,2347000.000,2146000.000,2112000.000,2998000.000,3039000.000,3745000.000,2625000.000,2505000.000,2331000.000,2363000.000,2422000.000,2911000.000,2571000.000,3216000.000,2778000.000
OperatingIncomeLoss,609000.000,39000.000,413000.000,-112000.000,-665000.000,1462000.000,865000.000,1243000.000,1022000.000,-60000.000,-1141000.000,-170000.000,-465000.000,-874000.000,-671000.000,-1209000.000,233000.000,-343000.000,-1353000.000,-1516000.000,-3758000.000,-2091000.000
OtherComprehensiveIncomeForeignCurrencyTransactionAndTranslationAdjustmentNetOfTaxPortionAttributableToNoncontrollingInterest,,,,,,,-59000.000,-195000.000,,,,,,,,,,,,,,
OtherComprehensiveIncomeForeignCurrencyTransactionAndTranslationAdjustmentNetOfTaxPortionAttributableToParent,,,,,,,56000.000,203000.000,,-26000.000,238000.000,-739000.000,,-201000.000,383000.000,-305000.000,96000.000,228000.000,-159000.000,130000.000,-120000.000,111000.000
OtherComprehensiveIncomeForeignCurrencyTransactionAndTranslationGainLossArisingDuringPeriodNetOfTax,-372000.000,-141000.000,-152000.000,255000.000,858000.000,,,,,,,,,,,,,,,,,
OtherComprehensiveIncomeLossForeignCurrencyTransactionAndTranslationAdjustmentNetOfTax,,,,,,609000.000,,,,,,,,,,,,,,,,
OtherComprehensiveIncomeLossNetOfTax,,,,,,821000.000,252000.000,1202000.000,,-211000.000,-1375000.000,-1133000.000,-1309000.000,-1037000.000,-420000.000,-1673000.000,53000.000,-276000.000,-1592000.000,-1393000.000,,
OtherComprehensiveIncomeLossNetOfTaxPortionAttributableToNoncontrollingInterest,,,,,,714000.000,423000.000,921000.000,824000.000,-71000.000,-220000.000,-290000.000,-244000.000,285000.000,-3000.000,-261000.000,-110000.000,-219000.000,-295000.000,-155000.000,-1165000.000,-400000.000
OtherComprehensiveIncomeLossNetOfTaxPortionAttributableToParent,,,,,,107000.000,-171000.000,281000.000,444000.000,-140000.000,-1595000.000,-843000.000,-57000.000,-1322000.000,-417000.000,-1412000.000,163000.000,-57000.000,-1297000.000,-1238000.000,-3008000.000,-1791000.000
OtherNonoperatingIncomeExpense,,4000.000,,,,,,,,,,,,,,,,,,,,
PaymentOfFinancingAndStockIssuanceCosts,,,,,,,1922000.000,,,,,,,,,,,,,,,
PaymentsForOtherOperatingActivities,,,,,,-298000.000,,,,71000.000,,,,5000.000,,,,,,,,
PaymentsToAcquireMarketableSecurities,,,,,,,,,,,,,,,,,,22000.000,,,,-3048000.000
PaymentsToAcquirePropertyPlantAndEquipment,,279000.000,,,,112000.000,,,,69000.000,,,,100000.000,,,,32000.000,,,,71000.000
PaymentsToMinorityShareholders,,,,,,681000.000,,,,,,,,,,,,,,,,
ProceedsFromIssuanceOfLongTermDebt,,22000.000,,,,,,,,,,,,,,,,,,,,
ProceedsFromIssuanceOrSaleOfEquity,,,,,,,9324000.000,,,,,,,,,,,,,,,130000.000
ProceedsFromOtherShortTermDebt,,,,,,,,,,,,,,,,,,,,,,4000.000
ProceedsFromRepaymentsOfLinesOfCredit,,,,,,,,,,,,,,,,,,4000.000,,,,
ProceedsFromRepaymentsOfShortTermDebt,,1540000.000,,,,650000.000,,,,46000.000,,,,807000.000,,,,1419000.000,,,,
ProceedsFromShortTermDebt,,,,,,,,,,,,,,,,,,,,,,2263000.000
ProfitLoss,361000.000,,176000.000,3775000.000,,212000.000,137000.000,804000.000,648000.000,-185000.000,-1613000.000,-394000.000,-182000.000,-836000.000,-803000.000,-1368000.000,-43000.000,-504000.000,-1433000.000,-1523000.000,-4053000.000,-2302000.000
RepaymentsOfLongTermDebt,,53000.000,,,,,,,,786000.000,,,,288000.000,,,,181000.000,,,,
RepaymentsOfMediumTermNotes,,,,,,,,,,,,,,1000000.000,,,,,,,,
RepaymentsOfShortTermDebt,,,,,,525000.000,,,,,,,,,,,,256000.000,,,,2853000.000
ResearchAndDevelopmentExpense,63000.000,56000.000,53000.000,177000.000,491000.000,709000.000,680000.000,755000.000,531000.000,744000.000,874000.000,546000.000,643000.000,743000.000,723000.000,485000.000,502000.000,700000.000,683000.000,476000.000,461000.000,533000.000
Revenues,2973000.000,1952000.000,2480000.000,3780000.000,9576000.000,10361000.000,7771000.000,7956000.000,9483000.000,5567000.000,6586000.000,11415000.000,10670000.000,5679000.000,5747000.000,5556000.000,6605000.000,6482000.000,6721000.000,5354000.000,,5259000.000
SalesRevenueNet,2973000.000,1952000.000,2480000.000,3780000.000,9576000.000,10361000.000,7771000.000,7956000.000,9483000.000,5567000.000,6586000.000,11415000.000,10670000.000,5679000.000,5747000.000,5556000.000,6605000.000,6482000.000,6721000.000,5354000.000,,5259000.000
SellingAndMarketingExpense,,,,,,,,,,,,,,,,,,,478000.000,538000.000,,546000.000
SellingExpense,86000.000,93000.000,82000.000,154000.000,423000.000,314000.000,364000.000,276000.000,216000.000,391000.000,368000.000,449000.000,739000.000,469000.000,350000.000,395000.000,316000.000,358000.000,,,,
ShareBasedCompensation,,,,,,,,,,6000.000,,,,69000.000,,,,82000.000,,,,33000.000
ShareBasedCompensationArrangementsByShareBasedPaymentAwardOptionsGrantsInPeriodWeightedAverageExercisePrice,,,,,,,0.010,,,,,,,,,,,,,,,
StockIssuedDuringPeriodSharesNewIssues,,,,,,,1863000.000,,,,,,,,,,,,,,,
UnrealizedGainLossOnDerivatives,3000.000,8000.000,9000.000,4623000.000,-17000.000,,,,,,,,,,,,,,,,,
UnrealizedGainLossOnDerivativesAndCommodityContracts,,,,,,,,,,,,,,,,,,14000.000,,,,3000.000
WeightedAverageNumberOfDilutedSharesOutstanding,,,,6613851.000,,,,,,,,,,5856246.000,,,,,,,,
WeightedAverageNumberOfShareOutstandingBasicAndDiluted,,,,,,3483749.000,5210247.000,5831246.000,,5831246.000,5831246.000,5831246.000,,,5859675.000,5865221.000,,,,,,
WeightedAverageNumberOfSharesOutstandingBasic,6483000.000,6483000.000,6483000.000,6483000.000,-16207500.000,,,,,,,,,5856246.000,,,,5865221.000,5876921.000,5902074.000,-11677594.000,6430762.000
