,2011-06-30,2011-09-30,2011-12-31,2012-03-31,2012-06-30,2012-09-30,2012-12-31,2013-03-31,2013-06-30,2013-09-30,2013-12-31,2014-03-31,2014-06-30,2014-09-30,2014-12-31,2015-03-31,2015-06-30,2015-09-30,2015-12-31,2016-03-31,2016-06-30,2016-09-30,2016-12-31,2017-03-31
AdjustmentsToAdditionalPaidInCapitalOther,,,,,,,,,,,,,,,,,-14034.000,,,,,,,
AdjustmentsToAdditionalPaidInCapitalSharebasedCompensationRequisiteServicePeriodRecognitionValue,,,,,,,,,84513.000,,,,30875.000,,,,35907.000,,,,4053.000,,,
AllowanceForDoubtfulAccountsReceivablePeriodIncreaseDecrease,,,,,,,,,74531.000,,,,,,,,,,,,,,,
AntidilutiveSecuritiesExcludedFromComputationOfEarningsPerShareAmount,,,,,,,,,,,,,,,,,,,,,,9892976.000,10230974.000,
CashAndCashEquivalentsPeriodIncreaseDecrease,-1328337.000,,,,-1166620.000,,,,579469.000,,,,-1895325.000,,,,-1286407.000,,,,-979234.000,,,
ComprehensiveIncomeNetOfTax,,,,,231268.000,329277.000,353648.000,-417873.000,,,,,,,,,,,,,,,,
CostOfRevenue,30135199.000,31020211.000,31256017.000,32048361.000,31113579.000,32779967.000,33922021.000,32847992.000,33348237.000,34295951.000,34853644.000,33353057.000,32235743.000,29714546.000,29519594.000,28437708.000,28842040.000,29890232.000,30154183.000,29313908.000,31787201.000,37246290.000,37966280.000,36910663.000
DeferredIncomeTaxExpenseBenefit,11242.000,,,,-161353.000,,,,228657.000,,,,-14557.000,,,,392.000,,,,555788.000,,,
DepreciationAndAmortization,227270.000,,,,168708.000,,,,175435.000,,,,156706.000,,,,162129.000,,,,132848.000,,,
EarningsPerShareBasic,0.020,0.050,0.020,-0.080,0.020,0.030,0.040,-0.040,,0.070,0.060,,0.070,0.040,0.020,0.000,0.030,-0.100,-0.070,-0.130,0.020,0.040,-0.020,-0.280
EarningsPerShareDiluted,0.020,0.050,0.020,-0.080,0.020,0.030,0.040,-0.040,0.000,0.070,0.060,-0.010,0.070,0.040,0.020,0.000,0.030,-0.100,-0.070,-0.130,0.020,0.040,-0.020,-0.280
EquityMethodInvestmentSummarizedFinancialInformationGrossProfitLoss,,,,,,,,,,,,,,,,,1012246.000,,,,792520.000,,,
EquityMethodInvestmentSummarizedFinancialInformationIncomeLossFromContinuingOperationsBeforeExtraordinaryItems,,,,,,,,,,,,,,,,,298345.000,,,,-557322.000,,,
EquityMethodInvestmentSummarizedFinancialInformationRevenue,,,,,,,,,,,,,,,,,2449371.000,,,,2288195.000,,,
GainLossOnDispositionOfAssets,,,,,,,,,-1540.000,,,,,,,,,,,,,,,
GainLossOnDispositionOfProperty,4493.000,543.000,,,1904.000,5299.000,,,,,,,,,,,,,,,,,,
GainLossOnInvestments,,,-2137.000,,,,,,,,,,,,,,,,,,,,,
GainLossOnSaleOfPropertyPlantEquipment,4493.000,,,,,,,,,,,,,,,,,,,,,,,
GeneralAndAdministrativeExpense,4099301.000,3899695.000,3983518.000,3908205.000,3942031.000,4618290.000,4188517.000,4747801.000,4299884.000,4487885.000,4285709.000,4789590.000,4222176.000,4173875.000,4606262.000,4517218.000,4114681.000,4575426.000,4321435.000,4263772.000,4094912.000,4388408.000,4981889.000,4834618.000
GrossProfit,4650404.000,5088399.000,4528494.000,2831084.000,4528100.000,5384954.000,5008252.000,4634102.000,4613258.000,5851141.000,5585793.000,4809436.000,5374885.000,4659474.000,4996830.000,4246620.000,4819021.000,4559572.000,3387310.000,2135423.000,4549007.000,5160115.000,4705834.000,3853859.000
IncomeLossFromContinuingOperationsBeforeIncomeTaxesExtraordinaryItemsNoncontrollingInterest,,,,,,,,,,,,,1236077.000,613966.000,451060.000,-62840.000,573152.000,-1594062.000,-1090287.000,-2185126.000,374971.000,687973.000,-359574.000,-3083959.000
IncomeLossFromContinuingOperationsBeforeIncomeTaxesMinorityInterestAndIncomeLossFromEquityMethodInvestments,408720.000,1115463.000,414197.000,-1382620.000,481268.000,669277.000,708648.000,-321873.000,183233.000,1243221.000,1090720.000,-112428.000,1119077.000,485966.000,326060.000,-197840.000,511652.000,-1668866.000,-1065983.000,-2138417.000,474971.000,717973.000,-432574.000,-958959.000
IncomeLossFromEquityMethodInvestments,,,,,,,,,,,,,117000.000,128000.000,125000.000,135000.000,61500.000,74804.000,-24304.000,-46709.000,-100000.000,-30000.000,73000.000,-25000.000
IncomeTaxExpenseBenefit,200000.000,595000.000,197000.000,-577000.000,250000.000,340000.000,355000.000,96000.000,150000.000,610000.000,510000.000,25000.000,545000.000,255000.000,243000.000,-63000.000,245000.000,-637000.000,-418000.000,-830000.000,214000.000,251000.000,-152000.000,-369000.000
IncomeTaxesPaid,10400.000,,,,15950.000,,,,310557.000,,,,36621.000,,,,,,,,6390.000,,,
IncreaseDecreaseInAccountsPayableAndAccruedLiabilities,-309773.000,,,,178986.000,,,,188290.000,,,,-303694.000,,,,1485046.000,,,,318337.000,,,
IncreaseDecreaseInOutstandingChecksFinancingActivities,-401272.000,,,,-90182.000,,,,-596066.000,,,,-2847.000,,,,-774720.000,,,,166301.000,,,
IncreaseDecreaseInRestrictedCashForOperatingActivities,13.000,,,,25.000,,,,22.000,,,,,,,,,,,,,,,
IncreaseDecreaseInWorkersCompensationLiabilities,,,,,690039.000,735064.000,753633.000,724534.000,747047.000,770042.000,796107.000,735958.000,721453.000,648512.000,650070.000,579965.000,630029.000,656885.000,1680325.000,1632761.000,971114.000,800667.000,633008.000,695211.000
InterestExpense,72662.000,70413.000,53561.000,64777.000,34459.000,28002.000,36688.000,40232.000,54092.000,46834.000,38118.000,76507.000,49869.000,38838.000,33087.000,33280.000,32050.000,41120.000,47063.000,40641.000,53985.000,86786.000,78060.000,87293.000
InterestPaid,77392.000,,,,45001.000,,,,54453.000,,,,59883.000,,,,,,,,50640.000,,,
InvestmentIncomeInterest,28.000,32.000,31.000,34.000,41.000,44.000,35.000,224.000,22.000,3.000,4.000,2.000,,,,,,,,,,,,
LeaseAndRentalExpense,,,,,,,,,49896.000,,,,-12952.000,,,,-6673.000,,,,,,,
LitigationSettlementExpense,,,,,,,,,,,,,,,,,,1400000.000,0.000,,,0.000,,
NetCashProvidedByUsedInFinancingActivities,-2937855.000,,,,-2186647.000,,,,1561522.000,,,,-2565541.000,,,,-2563201.000,,,,1970976.000,,,
NetCashProvidedByUsedInFinancingActivitiesContinuingOperations,-2937855.000,,,,-2186647.000,,,,1561522.000,,,,-2565541.000,,,,-2563201.000,,,,1970976.000,,,
NetCashProvidedByUsedInInvestingActivities,-5217.000,,,,230480.000,,,,-5226.000,,,,-11002.000,,,,-58743.000,,,,-14620.000,,,
NetCashProvidedByUsedInInvestingActivitiesContinuingOperations,-5217.000,,,,230480.000,,,,-5226.000,,,,-11002.000,,,,-58743.000,,,,-14620.000,,,
NetCashProvidedByUsedInOperatingActivities,1614735.000,,,,789547.000,,,,-976827.000,,,,681218.000,,,,1335537.000,,,,-2935590.000,,,
NetCashProvidedByUsedInOperatingActivitiesContinuingOperations,1614735.000,,,,789547.000,,,,-976827.000,,,,681218.000,,,,1335537.000,,,,-2935590.000,,,
NetIncomeLoss,208720.000,520463.000,217197.000,-805620.000,231268.000,329277.000,353648.000,-417873.000,33233.000,633221.000,580720.000,-137428.000,691077.000,358966.000,208060.000,160.000,328152.000,-957062.000,-672287.000,-1355126.000,160971.000,436973.000,-207574.000,-2714959.000
OperatingExpenses,4173543.000,3903098.000,4058630.000,3983019.000,4014318.000,4693018.000,4262951.000,4915968.000,4374415.000,4561089.000,4456959.000,4845359.000,4205939.000,4134670.000,4637683.000,4411180.000,4275319.000,6187318.000,4406230.000,4233199.000,4020051.000,4355356.000,5060348.000,4725525.000
OperatingIncomeLoss,476861.000,1185301.000,469864.000,-1151935.000,513782.000,691936.000,745301.000,-281866.000,238843.000,1290052.000,1128834.000,-35923.000,1168946.000,524804.000,359147.000,-164560.000,543702.000,-1627746.000,-1018920.000,-2097776.000,528956.000,804759.000,-354514.000,-871666.000
PaymentsForRent,,,,,,,,,,,,,,,,,,,,,3963.000,,,
PaymentsForRepurchaseOfCommonStock,,,,,,,,,,,,,,,,,14034.000,,,,0.000,,,
PaymentsToAcquirePropertyPlantAndEquipment,11058.000,,,,31316.000,,,,5226.000,,,,11002.000,,,,58743.000,,,,14620.000,,,
ProceedsFromCollectionOfOtherReceivables,,,,,258681.000,,,,,,,,,,,,,,,,,,,
ProceedsFromRepaymentsOfShortTermDebt,,,,,,,,,2157588.000,,,,-2591280.000,,,,-1774447.000,,,,1804675.000,,,
ProceedsFromSaleOfPropertyPlantAndEquipment,5841.000,,,,3115.000,,,,,,,,,,,,,,,,,,,
ProceedsFromStockOptionsExercised,,,,,,,,,,,,,28586.000,,,,,,,,,,,
ProvisionForDoubtfulAccounts,,,,,72287.000,74728.000,74434.000,184105.000,74531.000,73204.000,171250.000,73638.000,-16237.000,-39205.000,31421.000,-106038.000,160638.000,211892.000,84795.000,-30573.000,-74861.000,-33052.000,78459.000,-109093.000
RepaymentsOfLongTermCapitalLeaseObligations,20937.000,,,,,,,,,,,,,,,,,,,,,,,
RepaymentsOfShortTermDebt,2515646.000,,,,2096465.000,,,,,,,,,,,,,,,,,,,
Revenues,34785603.000,36108610.000,35784511.000,34879445.000,35641679.000,38164921.000,38930273.000,37482094.000,37961495.000,40147092.000,40439437.000,38162493.000,37610628.000,34374020.000,34516424.000,32684328.000,33661061.000,34449804.000,33541493.000,31449331.000,36336208.000,42406405.000,42672114.000,40764522.000
SalesRevenueNet,34785603.000,36108610.000,35784511.000,34879445.000,35641679.000,38164921.000,38930273.000,37482094.000,37961495.000,40147092.000,40439437.000,38162493.000,37610628.000,34374020.000,34516424.000,32684328.000,33661061.000,34449804.000,33541493.000,31449331.000,36336208.000,42406405.000,42672114.000,40764522.000
ShareBasedCompensation,87978.000,,,,123352.000,,,,84513.000,,,,30875.000,,,,35907.000,,,,4053.000,,,
StockIssuedDuringPeriodValueStockOptionsExercised,,,,,,,,,,,,,28586.000,,,,,,,,,,,
WeightedAverageNumberDilutedSharesOutstandingAdjustment,,,,,,,,,,,,,,,,,,,10050037.000,,,,,
WeightedAverageNumberOfDilutedSharesOutstanding,10983494.000,10963892.000,10952424.000,-22101069.000,9666498.000,9666498.000,9582022.000,-19305623.000,9392967.000,9268333.000,9572228.000,-18740001.000,9751307.000,9892883.000,9952518.000,-19677054.000,9982556.000,9892976.000,9792618.000,-19896572.000,10156337.000,10233226.000,9842686.000,-20407486.000
WeightedAverageNumberOfSharesOutstandingBasic,10878098.000,10878098.000,10855331.000,-21907646.000,9666498.000,9666498.000,9475702.000,-19349107.000,9093598.000,9179531.000,9263606.000,-18310042.000,9509163.000,9583072.000,9718870.000,-19173511.000,9731564.000,9769510.000,9792618.000,-19522114.000,9792618.000,9815458.000,9842686.000,-19625999.000
