,2011-09-30,2012-03-31,2012-06-30,2012-09-30,2012-12-31,2013-03-31,2013-06-30,2013-09-30,2013-12-31,2014-03-31,2014-06-30,2014-09-30,2014-12-31,2015-03-31,2015-06-30,2016-03-31,2016-06-30,2016-09-30,2016-12-31,2017-03-31
AdjustmentsToAdditionalPaidInCapitalShareBasedCompensationStockOptionsRequisiteServicePeriodRecognition,,,,,,,,,,,,,,,,301839.000,,,,280288.000
AdjustmentsToAdditionalPaidInCapitalWarrantIssued,,,,,,,,,,,,,,,,255000.000,,,,
AmortizationOfDebtDiscountPremium,,186108.000,,,,,,,,291574.000,,,,72578.000,,298771.000,,,,
AmortizationOfFinancingCosts,,,,,,,,,,,,,,1456.000,,,,,,
AmortizationOfFinancingCostsAndDiscounts,,,,,,,,,,,,,,,,,,,,771124.000
AmortizationOfIntangibleAssets,,,,,,2730.000,,,,2730.000,,,,,,2730.000,,,,
CashAndCashEquivalentsPeriodIncreaseDecrease,,182094.000,,,,-60230.000,,,,270936.000,,,,72981.000,,-740824.000,,,,-734628.000
ComprehensiveIncomeNetOfTax,,,,,,,,,,,,,,,,-1586739.000,-1614082.000,-2426059.000,-2253978.000,-2008196.000
ComprehensiveIncomeNetOfTaxAttributableToNoncontrollingInterest,,,,,,,,,,,,,,,,-66972.000,-54859.000,-69843.000,-42930.000,-63256.000
ComprehensiveIncomeNetOfTaxIncludingPortionAttributableToNoncontrollingInterest,,,,,,,,,,,,,,,,-1653711.000,-1668941.000,-2495902.000,-2296908.000,-2071452.000
CostOfGoodsSold,12683.000,17772.000,8077.000,6857.000,7075.000,6198.000,8984.000,8381.000,6093.000,2530.000,8933.000,7731.000,36805.000,6381.000,7683.000,6081.000,,,,
CostOfRevenue,,,,,,,,,,,,,,,,,15757.000,47112.000,,22530.000
DebtConversionConvertedInstrumentAmount1,,,,,,,,,,,,,,,,,,,,400000.000
DebtConversionOriginalDebtAmount1,,27034.000,,,,,,,,,,,,,,206934.000,,,,141763.000
DebtIssuanceCosts,,,,,,,,,,,,,,56873.000,,,,,,
Depreciation,,,,,,0.000,,,,,,,,,,,,,,
DepreciationAndAmortization,1335.000,1335.000,311.000,312.000,3472.000,2730.000,2730.000,2730.000,2730.000,2730.000,2730.000,2730.000,2730.000,2730.000,,2730.000,,,,7924.000
DepreciationDepletionAndAmortization,,,,,,,,,,,,,,2730.000,2730.000,2730.000,2845.000,3005.000,5156.000,7924.000
EarningsPerShareBasicAndDiluted,-0.010,-0.020,-0.030,-0.010,-0.020,-0.010,-0.010,-0.010,-0.010,-0.010,-0.010,-0.010,-0.020,-0.010,-0.020,-0.020,-0.020,-0.030,-0.020,-0.020
EffectOfExchangeRateOnCashAndCashEquivalentsContinuingOperations,,,,,,,,,,,,,,,,,,,,-11376.000
FairValueAdjustmentOfWarrants,,,,,,,,,,,,,,,,,,202110.000,,-265600.000
ForeignCurrencyTransactionGainLossUnrealized,,,,,,,,,,,,,,,,9318.000,,,,
GrossProfit,107842.000,13044.000,5762.000,3633.000,3322.000,8165.000,110999.000,10037.000,9089.000,6757.000,12153.000,8717.000,27921.000,20290.000,32160.000,7861.000,23229.000,115209.000,28930.000,23487.000
IncomeLossFromContinuingOperations,,,,,,,,,,,,,,-786188.000,,,,,,
IncomeTaxesPaid,,,,,,,,,,400.000,,,,,,4000.000,,,,5350.000
IncreaseDecreaseInAccountsPayableAndAccruedLiabilities,,286918.000,,,,144073.000,,,,-44127.000,,,,12596.000,,-60081.000,,,,36596.000
IncreaseDecreaseInAccountsReceivable,,-7279.000,,,,-3166.000,,,,-458.000,,,,1814.000,,-14382.000,,,,9442.000
IncreaseDecreaseInCustomerDeposits,,,,,,,,,,100000.000,,,,50000.000,,-35000.000,,,,
IncreaseDecreaseInDeferredRevenue,,-15851.000,,,,-10229.000,,,,,,,,4141.000,,,,,,
IncreaseDecreaseInEmployeeRelatedLiabilities,,,,,,,,,,,,,,,,,,,,-80000.000
IncreaseDecreaseInInventories,,-1442.000,,,,-1927.000,,,,-3869.000,,,,-4999.000,,-5462.000,,,,-9818.000
IncreaseDecreaseInOtherOperatingAssets,,-13145.000,,,,,,,,,,,,,,,,,,
IncreaseDecreaseInPrepaidDeferredExpenseAndOtherAssets,,,,,,,,,,,,,,,,43366.000,,,,143293.000
IncreaseDecreaseInPrepaidExpense,,1346.000,,,,,,,,-45000.000,,,,,,,,,,
InterestExpense,228639.000,215931.000,202006.000,36137.000,162280.000,2500.000,235528.000,2528.000,41035.000,306126.000,3326.000,3665.000,35036.000,105224.000,302919.000,406325.000,478525.000,1087578.000,1156676.000,953636.000
InterestExpenseDebt,,,,,,2500.000,,,,3240.000,,,,32646.000,,406325.000,478525.000,1087578.000,1156676.000,953636.000
InterestPaid,,,,,,,,,,,,,,4683.000,,,,,,
IssuanceOfStockAndWarrantsForServicesOrClaims,,,,,,,,,,,,,,,,173150.000,,,,261409.000
LicensesRevenue,109720.000,,,,,,100000.000,,,,,,,,,,,,,
NetCashProvidedByUsedInFinancingActivities,,561094.000,,,,405000.000,,,,827500.000,,,,347487.000,,255000.000,,,,453000.000
NetCashProvidedByUsedInFinancingActivitiesContinuingOperations,,561094.000,,,,405000.000,,,,827500.000,,,,347487.000,,255000.000,,,,453000.000
NetCashProvidedByUsedInInvestingActivities,,,,,,0.000,,,,,,,,,,,,,,
NetCashProvidedByUsedInInvestingActivitiesContinuingOperations,,,,,,0.000,,,,,,,,,,,,,,
NetCashProvidedByUsedInOperatingActivities,,-379000.000,,,,-465230.000,,,,-556564.000,,,,-274506.000,,-986506.000,,,,-1176252.000
NetCashProvidedByUsedInOperatingActivitiesContinuingOperations,,-379000.000,,,,-465230.000,,,,-556564.000,,,,-274506.000,,-986506.000,,,,-1176252.000
NetIncomeLoss,-711674.000,-920971.000,-1776355.000,-915668.000,-1720992.000,-645297.000,-538822.000,-698473.000,-645731.000,-1019386.000,-1057820.000,-826462.000,-788448.000,-780432.000,-1294380.000,,,,,
NetIncomeLossAttributableToNoncontrollingInterest,,,,,,,-210822.000,-100635.000,,-53684.000,-14122.000,-10621.000,30976.000,-5756.000,-5588.000,-66972.000,-54859.000,-69843.000,-42930.000,-63256.000
NetIncomeLossAvailableToCommonStockholdersBasic,,,,,,,,,,,,,,,,-1577421.000,-1613476.000,-2414260.000,-2234574.000,-1996820.000
NonoperatingIncomeExpense,-228639.000,-215931.000,,,,,,,,,,,,,,,,,,
OperatingExpenses,590877.000,718084.000,1580111.000,883164.000,1562034.000,650962.000,625115.000,806617.000,675250.000,773701.000,1080769.000,842135.000,750357.000,701254.000,1029209.000,,,,,1454315.000
OperatingIncomeLoss,-483035.000,-705040.000,-1574349.000,-879531.000,-1558712.000,-642797.000,-514116.000,-796580.000,-666161.000,-766944.000,-1068616.000,-833418.000,-722436.000,-680964.000,-997049.000,-1276826.000,-1233148.000,-1225638.000,-1199249.000,-1430828.000
OtherComprehensiveIncomeLossForeignCurrencyTransactionAndTranslationAdjustmentNetOfTax,,,,,,,,,,,,,,,,-9318.000,-606.000,-11799.000,-19404.000,-11376.000
OtherSignificantNoncashTransactionValueOfConsiderationGiven1,,,,,,,,,,,,,,363000.000,,,,,,125000.000
PaymentsOfFinancingCosts,,,,,,,,,,,,,,15513.000,,,,,,
ProceedsFromDebtNetOfIssuanceCosts,,,1030265.000,,,,,,,,,,,,,,,,,
ProceedsFromIssuanceOfDebt,,,,,,,,,,,,,,230000.000,,,280000.000,,,
ProceedsFromIssuanceOfPrivatePlacement,,561094.000,,,,40000.000,,,,,,,,,,,,,,
ProceedsFromIssuanceOrSaleOfEquity,,,,,,405000.000,,,,,,,,,,,,,,
ProceedsFromNotesPayable,,,,,,,,,,,,,,363000.000,,,,,,175000.000
ProceedsFromWarrantExercises,,,,,,,,,,,,,,,,,,,,153000.000
ProfitLoss,,,,,,,-749644.000,-799108.000,,-1073070.000,-1071942.000,-837083.000,-757472.000,-786188.000,-1299968.000,-1644393.000,-1668335.000,-2484103.000,-2277504.000,-2060076.000
ProvisionForDoubtfulAccounts,,,,,,,,,,,,,,,,,,,,15000.000
ResearchAndDevelopmentExpense,9035.000,16311.000,43800.000,54498.000,11414.000,51393.000,147112.000,267861.000,275881.000,163605.000,129376.000,186973.000,162969.000,137999.000,167211.000,351050.000,329968.000,348619.000,352319.000,391336.000
RevenueFromGrants,,,,,,,,,,,,,,12796.000,24232.000,38758.000,43338.000,31223.000,48111.000,58788.000
Revenues,120525.000,30816.000,13839.000,10490.000,10397.000,14363.000,119983.000,18418.000,,9287.000,21086.000,16448.000,64726.000,26671.000,39843.000,13942.000,,162321.000,,46017.000
RoyaltyRevenue,,,,,,,,,,,,,,,,,,55000.000,,
SaleOfStockPercentageOfOwnershipAfterTransaction,,,,,,,,,,0.193,,,,,,,,,,
SalesRevenueGoodsGross,,,,,,,19983.000,18418.000,,,,,,,,,,,,
SalesRevenueGoodsNet,10805.000,30816.000,,10490.000,,,,,,,21086.000,16448.000,,13875.000,15611.000,13942.000,38986.000,107321.000,65857.000,
SalesRevenueNet,120525.000,30816.000,13839.000,10490.000,10397.000,14363.000,119983.000,18418.000,,9287.000,21086.000,16448.000,64726.000,26671.000,39843.000,13942.000,,162321.000,,46017.000
SellingGeneralAndAdministrativeExpense,580507.000,700438.000,1536000.000,828354.000,1547148.000,596839.000,475273.000,536026.000,396639.000,607366.000,948663.000,652432.000,584658.000,560525.000,859268.000,930907.000,923564.000,989223.000,870704.000,1055055.000
ShareBasedCompensation,,,,,,,,,,,,,,,,301839.000,,,,280288.000
ShareBasedCompensationArrangementByShareBasedPaymentAwardOptionsExpirationsInPeriod,,,,,,,,,,,,,,200000.000,,,,,,
ShareBasedCompensationArrangementByShareBasedPaymentAwardOptionsForfeituresAndExpirationsInPeriodWeightedAverageExercisePrice,,,,,,,,,,,,,,0.580,,,,,,
ShareBasedGoodsAndNonemployeeServicesTransactionValuationMethodExpectedVolatilityRate,,,,,,,,,,,,,,,,3.150,,,,2.970
ShareBasedGoodsAndNonemployeeServicesTransactionValuationMethodRiskFreeInterestRate,,,,,,,,,,,,,,,,0.014,,,,0.019
StockIssued1,,,,,,,,,,,,,,,,173150.000,,,,261409.000
StockIssuedDuringPeriodSharesIssuedForServices,,,,,,,,,,,,,,30761.000,,,,,,
StockIssuedDuringPeriodSharesNewIssues,,,,,,,,,,,,,,,,282240.000,,,,
StockIssuedDuringPeriodValueConversionOfConvertibleSecurities,,,,,,,,,,,,,,,,,,,,400000.000
StockIssuedDuringPeriodValueNewIssues,,,,,,,,,,,,,,,,173150.000,,,,
WeightedAverageNumberOfSharesOutstandingBasic,56340625.000,59834382.000,62871316.000,65289303.000,-124243337.000,71357532.000,72633696.000,73178574.000,-144219594.000,76409578.000,76693189.000,81226826.000,-154312558.000,82973744.000,83400950.000,85847219.000,86419573.000,88148092.000,-172478101.000,94444945.000
