,2011-07-30,2011-10-29,2012-04-28,2012-10-27,2013-05-04,2013-08-03,2013-11-02,2014-02-01,2014-05-03,2014-08-02,2014-11-01,2015-01-31,2015-05-02,2015-08-01,2015-10-31,2016-01-30,2016-04-30,2016-07-30,2016-10-29,2017-01-28,2017-04-29
AdjustmentsToAdditionalPaidInCapitalShareBasedCompensationStockOptionsRequisiteServicePeriodRecognition,,,,,102000.000,,,,105000.000,,,,100000.000,,,,32000.000,,,,34000.000
AllocatedShareBasedCompensationExpense,,,,-151000.000,102000.000,105000.000,105000.000,244000.000,105000.000,104000.000,104000.000,644000.000,100000.000,74000.000,43000.000,80000.000,32000.000,8000.000,13000.000,34000.000,34000.000
AmortizationOfFinancingCosts,,,224000.000,,224000.000,,,,354000.000,,,,86000.000,,,,86000.000,,,,86000.000
AmortizationOfIntangibleAssets,,,,1800000.000,1700000.000,1800000.000,1400000.000,1300000.000,1100000.000,1100000.000,1100000.000,1100000.000,1100000.000,1100000.000,1100000.000,1200000.000,900000.000,,400000.000,,400000.000
AntidilutiveSecuritiesExcludedFromComputationOfEarningsPerShareAmount,,,,7550518.000,7530075.000,7524683.000,7255094.000,-14801606.000,7507267.000,7440734.000,7348694.000,-14829076.000,7516492.000,,7262677.000,,7135556.000,7132723.000,,,5250639.000
BusinessCombinationAcquisitionRelatedCosts,,,4329000.000,53000.000,0.000,0.000,0.000,0.000,,,,,,,,,,,,,
CashAndCashEquivalentsPeriodIncreaseDecrease,,,646000.000,,-1008000.000,,,,493000.000,,,,206000.000,,,,-2753000.000,,,,-5626000.000
CostOfGoodsSold,61039000.000,77054000.000,65099000.000,81306000.000,68206000.000,67308000.000,85312000.000,102866000.000,71261000.000,61210000.000,81202000.000,99158000.000,65732000.000,58250000.000,75690000.000,84668000.000,53370000.000,51996000.000,65915000.000,76252000.000,52927000.000
DepreciationAndAmortization,1879000.000,2084000.000,1934000.000,3702000.000,3246000.000,3244000.000,2846000.000,2637000.000,2550000.000,2739000.000,2383000.000,2654000.000,2619000.000,2581000.000,2754000.000,2830000.000,2511000.000,2025000.000,2072000.000,2014000.000,1531000.000
DepreciationDepletionAndAmortization,,,1934000.000,,3246000.000,,,,2550000.000,,,,2619000.000,,,,2511000.000,,,,1531000.000
EarningsPerShareBasic,,,,,,,,,,,0.490,,-0.010,-1.080,0.200,,-0.410,-0.710,0.040,,-0.620
EarningsPerShareBasicAndDiluted,0.060,-0.090,-1.340,-0.350,-0.380,-1.000,0.470,0.100,-0.030,-0.640,,,,,,,,,,,
EarningsPerShareDiluted,,,,,,,,,,,0.480,,,,0.200,,,,,,
GrossProfit,42556000.000,43071000.000,41285000.000,58195000.000,54211000.000,45424000.000,70367000.000,82163000.000,61705000.000,51944000.000,73127000.000,84348000.000,62478000.000,51056000.000,66285000.000,77805000.000,51769000.000,45024000.000,59268000.000,65271000.000,44969000.000
IncomeLossFromContinuingOperationsBeforeIncomeTaxesExtraordinaryItemsNoncontrollingInterest,,,,,,,,,,,7507000.000,,-165000.000,-16797000.000,3028000.000,,-6409000.000,-11016000.000,688000.000,,-9653000.000
IncomeLossFromContinuingOperationsBeforeIncomeTaxesMinorityInterestAndIncomeLossFromEquityMethodInvestments,521000.000,-832000.000,,,,,,,,,,,,,,,,,,,
IncomeTaxExpenseBenefit,0.000,0.000,,,,,,,,,0.000,,0.000,0.000,0.000,451000.000,0.000,0.000,0.000,-199000.000,0.000
IncomeTaxesPaid,,,66000.000,,0.000,,,,482000.000,,,,491000.000,,,,109000.000,,,,17000.000
IncreaseDecreaseInAccountsPayable,,,2103000.000,,-7036000.000,,,,-7830000.000,,,,480000.000,,,,1919000.000,,,,-1099000.000
IncreaseDecreaseInAccountsPayableRelatedParties,,,-8382000.000,,1527000.000,,,,-1462000.000,,,,-127000.000,,,,-120000.000,,,,-481000.000
IncreaseDecreaseInAccountsReceivable,,,-7451000.000,,9311000.000,,,,11428000.000,,,,12284000.000,,,,4681000.000,,,,3706000.000
IncreaseDecreaseInAccruedLiabilities,,,410000.000,,-2243000.000,,,,1788000.000,,,,-1422000.000,,,,-3687000.000,,,,-1040000.000
IncreaseDecreaseInInventories,,,-584000.000,,7547000.000,,,,-5712000.000,,,,-10171000.000,,,,-7487000.000,,,,-3571000.000
IncreaseDecreaseInNotesPayableRelatedParties,,,0.000,,,,,,,,,,,,,,,,,,
IncreaseDecreaseInPrepaidDeferredExpenseAndOtherAssets,,,-3670000.000,,-9144000.000,,,,-811000.000,,,,554000.000,,,,-405000.000,,,,-1084000.000
IncrementalCommonSharesAttributableToShareBasedPaymentArrangements,,,,,,,41274.000,,,,50767.000,,,,1210.000,,,,,,
InterestExpense,-1867000.000,-1883000.000,-1829000.000,2509000.000,2389000.000,2557000.000,2809000.000,2518000.000,2588000.000,2167000.000,2358000.000,2231000.000,1732000.000,1723000.000,1848000.000,1888000.000,1707000.000,1674000.000,1848000.000,1914000.000,2125000.000
InterestPaid,,,322000.000,,538000.000,,,,669000.000,,,,261000.000,,,,214000.000,,,,71000.000
LicenseCosts,,,,,,,,,100000.000,100000.000,100000.000,,100000.000,100000.000,,,,,,,
NetCashProvidedByUsedInFinancingActivities,,,48266000.000,,18413000.000,,,,13522000.000,,,,3371000.000,,,,-1274000.000,,,,4178000.000
NetCashProvidedByUsedInFinancingActivitiesContinuingOperations,,,48266000.000,,18413000.000,,,,13522000.000,,,,3371000.000,,,,-1274000.000,,,,4178000.000
NetCashProvidedByUsedInInvestingActivities,,,-46302000.000,,-1666000.000,,,,-3190000.000,,,,-1766000.000,,,,-809000.000,,,,-295000.000
NetCashProvidedByUsedInInvestingActivitiesContinuingOperations,,,-46302000.000,,-1666000.000,,,,-3190000.000,,,,-1766000.000,,,,-809000.000,,,,-295000.000
NetCashProvidedByUsedInOperatingActivities,,,-1318000.000,,-17755000.000,,,,-9839000.000,,,,-1399000.000,,,,-670000.000,,,,-9509000.000
NetCashProvidedByUsedInOperatingActivitiesContinuingOperations,,,-1318000.000,,-17755000.000,,,,-9839000.000,,,,-1399000.000,,,,-670000.000,,,,-9509000.000
NetIncomeLoss,521000.000,-832000.000,-13075000.000,-5391000.000,-5830000.000,-15335000.000,7284000.000,1416000.000,-485000.000,-9884000.000,7507000.000,5509000.000,-165000.000,-16797000.000,3028000.000,2263000.000,-6409000.000,-11016000.000,688000.000,-6902000.000,-9653000.000
OperatingExpenses,40168000.000,42020000.000,52531000.000,61077000.000,57652000.000,58202000.000,60274000.000,77328000.000,59602000.000,59661000.000,63262000.000,76061000.000,60911000.000,66130000.000,61409000.000,73203000.000,56471000.000,54366000.000,56732000.000,70458000.000,52497000.000
OperatingIncomeLoss,2388000.000,1051000.000,-11246000.000,-2882000.000,-3441000.000,-12778000.000,10093000.000,4835000.000,2103000.000,-7717000.000,9865000.000,8287000.000,1567000.000,-15074000.000,4876000.000,4602000.000,-4702000.000,-9342000.000,2536000.000,-5187000.000,-7528000.000
OtherSignificantNoncashTransactionValueOfConsiderationGiven1,,,83595000.000,,0.000,,,,,,,,,,,,,,,,
PaymentsOfFinancingCosts,,,,,,,,,-1237000.000,,,,0.000,,,,,,,,
PaymentsToAcquireBusinessesNetOfCashAcquired,,,44949000.000,,0.000,,,,,,,,,,,,,,,,
PaymentsToAcquireIntangibleAssets,,,,,,,,,-300000.000,,,,0.000,,,,,,,,
ProceedsFromRelatedPartyDebt,,,30000000.000,,0.000,,,,,,,,,,,,,,,,
ProceedsFromRepaymentsOfLinesOfCredit,,,18527000.000,,18587000.000,,,,14991000.000,,,,3617000.000,,,,-989000.000,,,,4517000.000
ProceedsFromStockOptionsExercised,,,4000.000,,31000.000,,,,1000.000,,,,1000.000,,,,0.000,,,,
PropertyPlantAndEquipmentAdditions,,,-1353000.000,,-1666000.000,,,,-2890000.000,,,,-1766000.000,,,,-809000.000,,,,-295000.000
ProvisionForDoubtfulAccounts,,,-43000.000,,-31000.000,,,,46000.000,,,,-303000.000,,,,1787000.000,,,,164000.000
RelatedPartyTransactionPurchasesFromRelatedParty,,,,,5599000.000,2785000.000,3441000.000,2314000.000,2930000.000,2565000.000,1170000.000,12978000.000,2013000.000,5061000.000,3190000.000,10869000.000,1584000.000,,605000.000,,311000.000
RepaymentsOfLongTermCapitalLeaseObligations,,,265000.000,,205000.000,,,,233000.000,,,,247000.000,,,,285000.000,,,,339000.000
RepaymentsOfOtherLongTermDebt,,,0.000,,,,,,,,,,,,,,,,,,
Revenues,,,,,122417000.000,112732000.000,155679000.000,185029000.000,132966000.000,113154000.000,154329000.000,183506000.000,,109306000.000,141975000.000,,105139000.000,97020000.000,125183000.000,141523000.000,97896000.000
RevenuesFromExternalCustomers,,,,139501000.000,,,,,,,,,,,,,,,,,
SalesRevenueGoodsNet,103595000.000,120125000.000,106384000.000,139501000.000,122417000.000,112732000.000,155679000.000,185029000.000,132966000.000,113154000.000,154329000.000,183506000.000,128210000.000,109306000.000,141975000.000,162473000.000,105139000.000,97020000.000,125183000.000,141523000.000,97896000.000
SalesRevenueNet,,,,,122417000.000,112732000.000,155679000.000,185029000.000,132966000.000,113154000.000,154329000.000,183506000.000,,109306000.000,141975000.000,,105139000.000,97020000.000,125183000.000,141523000.000,97896000.000
SellingGeneralAndAdministrativeExpense,38289000.000,39936000.000,42462000.000,57473000.000,54304000.000,54853000.000,57323000.000,73956000.000,56947000.000,56818000.000,60775000.000,72119000.000,58192000.000,63475000.000,58612000.000,69261000.000,53928000.000,52333000.000,54647000.000,61465000.000,50932000.000
ShareBasedCompensation,,,3806000.000,,102000.000,,,,105000.000,,,,100000.000,,,,32000.000,,,,34000.000
StockIssuedDuringPeriodValueNewIssues,,,59226000.000,,,,,,,,,,,,,,,,,,
StockIssuedDuringPeriodValueStockOptionsExercised,,,,,31000.000,,,,1000.000,,,,1000.000,,,,,,,,
WeightedAverageNumberOfDilutedSharesOutstanding,9740983.000,,,,,,15396930.000,,,,15496718.000,,,,15494973.000,,,,15493763.000,,15493763.000
WeightedAverageNumberOfSharesIssuedBasic,,,,,,,,,,,,,,,15493763.000,,,,,,
WeightedAverageNumberOfSharesOutstandingBasic,8966773.000,8967963.000,9734085.000,15303800.000,15351406.000,15355155.000,15355656.000,-30706701.000,15369218.000,15409145.000,15445951.000,-30799307.000,15476661.000,15483640.000,15493763.000,-30967107.000,15493763.000,15493763.000,15493763.000,-30987526.000,15493763.000
