,2011-06-30,2011-09-30,2012-03-31,2012-06-30,2012-09-30,2012-12-31,2013-03-31,2013-06-30,2013-09-30,2013-12-31,2014-03-31,2014-06-30,2014-09-30,2014-12-31,2015-03-31,2015-06-30,2015-09-30,2015-12-31,2016-03-31,2016-06-30,2016-09-30,2016-12-31,2017-03-31
AllowanceForDoubtfulAccountsReceivablePeriodIncreaseDecrease,,,,,,,,,,,100000.000,,,,,,,,,,,,
AmortizationOfAcquiredIntangibleAssets,714000.000,858000.000,884000.000,882000.000,879000.000,0.000,,,,,,,,,,,,,,,,,
AntidilutiveSecuritiesExcludedFromComputationOfEarningsPerShareAmount,,,,2922545.000,5298836.000,,2856805.000,,,,,,,,,,,,,,,,
BusinessCombinationContingentConsiderationArrangementsChangeInAmountOfContingentConsiderationLiability,,,916000.000,,-12773000.000,,,,,,,,,,,,,,,,,,
CashAndCashEquivalentsPeriodIncreaseDecrease,,,7817000.000,,,,9077000.000,,,,1667000.000,,,,9808000.000,,,,13286000.000,,,,6951000.000
ComprehensiveIncomeNetOfTax,,,8954000.000,9991000.000,-12835000.000,4154000.000,4371000.000,-1903000.000,9217000.000,467000.000,3275000.000,9725000.000,8223000.000,3073000.000,9018000.000,-4035000.000,11318000.000,11968000.000,8061000.000,5551000.000,9993000.000,3534000.000,14977000.000
CostOfGoodsAndServicesSold,5174000.000,5024000.000,,,,,,,,,,,,,,,,,,,,,
CostsAndExpenses,,,,,,,,,,,,,,,,,,,27075000.000,33038000.000,30093000.000,36655000.000,28655000.000
CumulativeTranslationAdjustmentNetOfTaxPeriodIncreaseDecrease,,,,,,,,,436000.000,,,,,,,,,,,,,,
DepreciationAndAmortization,,,1046000.000,,,,202000.000,,,,207000.000,,,,231000.000,,,,249000.000,,,,246000.000
EarningsPerShareBasic,0.040,0.180,0.150,0.190,-0.240,0.070,0.080,-0.040,0.160,0.000,0.080,0.190,0.160,0.060,0.180,-0.080,0.240,0.250,0.160,0.130,0.200,0.120,0.280
EarningsPerShareDiluted,0.030,0.170,0.150,0.180,-0.240,0.070,0.080,-0.040,0.160,0.000,0.080,0.180,0.150,0.070,0.170,-0.080,0.230,0.240,0.150,0.120,0.190,0.120,0.280
EffectOfExchangeRateOnCashAndCashEquivalents,,,28000.000,,,,16000.000,,,,-18000.000,,,,51000.000,,,,-38000.000,,,,38000.000
EntityWideRevenueMajorCustomerPercentage,,,,,,,,,,,0.100,,,,,,,,,,,,
FairValueAssumptionsExpectedVolatilityRate,,,,,,,0.400,,,,,,,,,,,,,,,,
FairValueAssumptionsRiskFreeInterestRate,,,,,,,0.002,,,,,,,,,,,,,,,,
FairValueInputsCounterpartyCreditRisk,,,,,,,0.050,,,,,,,,,,,,,,,,
FairValueInputsDiscountRate,,,,,,,0.200,,,,,,,,,,,,,,,,
ForeignCurrencyTransactionGainLossUnrealized,,,,,,,,,,,,,,,,,,,,,,,59000.000
GainLossOnDispositionOfAssets1,,,,,,,,,,,,,,,-1000.000,,,,,,,,
GeneralAndAdministrativeExpense,8259000.000,5202000.000,3961000.000,4455000.000,5673000.000,7353000.000,8600000.000,7954000.000,8238000.000,7704000.000,6033000.000,5816000.000,5611000.000,5286000.000,7343000.000,6777000.000,7290000.000,6487000.000,7443000.000,8129000.000,7900000.000,10709000.000,7230000.000
GoodwillAndIntangibleAssetImpairment,,,,,42728000.000,,,,,,,,,,,,,,,,,,
GoodwillForeignCurrencyTranslationGainLoss,,,,,,,,,,,,,,,,,,,,,,,259000.000
GoodwillTranslationAdjustments,,,,,,,,,,,,,,,,,,,236000.000,,,,
IncomeLossFromContinuingOperationsBeforeIncomeTaxesExtraordinaryItemsNoncontrollingInterest,,,,,,,,,,,,,,,,,12566000.000,,9811000.000,5967000.000,11172000.000,7183000.000,15608000.000
IncomeLossFromContinuingOperationsBeforeIncomeTaxesMinorityInterestAndIncomeLossFromEquityMethodInvestments,2157000.000,10276000.000,9234000.000,11676000.000,-19238000.000,4600000.000,4990000.000,-1495000.000,8861000.000,850000.000,4532000.000,9674000.000,8246000.000,3925000.000,9532000.000,-4568000.000,,,,,,,
IncomeTaxExpenseBenefit,174000.000,46000.000,554000.000,1057000.000,-5696000.000,737000.000,787000.000,488000.000,153000.000,814000.000,398000.000,34000.000,331000.000,406000.000,570000.000,-546000.000,587000.000,196000.000,1947000.000,-371000.000,1056000.000,772000.000,1012000.000
IncomeTaxExpenseBenefitContinuingOperationsAdjustmentOfDeferredTaxAssetLiability,,,,,5700000.000,,,,,,,,,,,,,,,,,,
IncomeTaxesPaidNet,,,222000.000,,,,,,,,,,,,,,,,,,,,
IncreaseDecreaseInAccountsPayable,,,-2362000.000,,,,-5503000.000,,,,-4189000.000,,,,-3081000.000,,,,-2916000.000,,,,-1797000.000
IncreaseDecreaseInAccountsReceivable,,,-170000.000,,,,-10283000.000,,,,-7516000.000,,,,-7296000.000,,,,-6944000.000,,,,5049000.000
IncreaseDecreaseInAccruedLiabilitiesAndOtherOperatingLiabilities,,,1193000.000,,,,-1808000.000,,,,-5324000.000,,,,-4233000.000,,,,-2050000.000,,,,-4884000.000
IncreaseDecreaseInDeferredRevenue,,,,,,,,,,,5000.000,,,,-486000.000,,,,-54000.000,,,,
IncreaseDecreaseInInventories,,,-319000.000,,,,-2766000.000,,,,-1188000.000,,,,-1794000.000,,,,-534000.000,,,,-1401000.000
IncreaseDecreaseInOtherNoncurrentLiabilities,,,-70000.000,,,,-105000.000,,,,-29000.000,,,,-26000.000,,,,-4000.000,,,,-5000.000
IncreaseDecreaseInPrepaidDeferredExpenseAndOtherAssets,,,-328000.000,,,,126000.000,,,,288000.000,,,,-417000.000,,,,-1029000.000,,,,485000.000
InterestPaid,,,,,,,,,7000.000,,,,,,,,,,,,,,
InventoryWriteDown,,,,,,,,,,,,275000.000,300000.000,,0.000,,,,0.000,34000.000,0.000,0.000,0.000
NetCashProvidedByUsedInFinancingActivities,,,-710000.000,,,,-1829000.000,,,,-2321000.000,,,,-1730000.000,,,,386000.000,,,,1343000.000
NetCashProvidedByUsedInFinancingActivitiesContinuingOperations,,,-710000.000,,,,-1829000.000,,,,-2321000.000,,,,-1730000.000,,,,386000.000,,,,1343000.000
NetCashProvidedByUsedInInvestingActivities,,,-754000.000,,,,-41000.000,,,,-111000.000,,,,-808000.000,,,,-20000.000,,,,-65000.000
NetCashProvidedByUsedInInvestingActivitiesContinuingOperations,,,-754000.000,,,,-41000.000,,,,-111000.000,,,,-808000.000,,,,-20000.000,,,,-65000.000
NetCashProvidedByUsedInOperatingActivities,,,9253000.000,,,,10931000.000,,,,4117000.000,,,,12295000.000,,,,12958000.000,,,,5635000.000
NetCashProvidedByUsedInOperatingActivitiesContinuingOperations,,,9253000.000,,,,10931000.000,,,,4117000.000,,,,12295000.000,,,,12958000.000,,,,5635000.000
NetIncomeLoss,1983000.000,10230000.000,8680000.000,10619000.000,-13542000.000,3863000.000,4203000.000,-1983000.000,8708000.000,36000.000,4134000.000,9640000.000,7915000.000,3519000.000,8962000.000,-4022000.000,11979000.000,12544000.000,7864000.000,6338000.000,10116000.000,6411000.000,14596000.000
NonoperatingIncomeExpense,,,,,,,-34000.000,47000.000,2729000.000,35000.000,-129000.000,34000.000,139000.000,349000.000,49000.000,289000.000,-29000.000,50000.000,387000.000,14000.000,721000.000,-224000.000,1371000.000
OperatingIncomeLoss,2201000.000,10315000.000,9260000.000,11730000.000,-19202000.000,4622000.000,5024000.000,-1542000.000,6132000.000,815000.000,4661000.000,9640000.000,8107000.000,3576000.000,9483000.000,-4857000.000,12595000.000,12690000.000,9424000.000,5953000.000,10451000.000,7407000.000,14237000.000
OtherComprehensiveIncomeForeignCurrencyTransactionAndTranslationGainLossBeforeReclassificationAndTax,,,,,,,,,436000.000,,,,,,,,,,,-787000.000,-123000.000,,222000.000
OtherComprehensiveIncomeLossAvailableForSaleSecuritiesAdjustmentBeforeReclassificationAdjustmentsNetOfTax,,,,,,,,,-4000.000,,,,,,,,,,,,,,
OtherComprehensiveIncomeLossAvailableForSaleSecuritiesAdjustmentNetOfTax,,,,,,,,,73000.000,,,,,,,,,,,,,,159000.000
OtherComprehensiveIncomeLossForeignCurrencyTransactionAndTranslationAdjustmentNetOfTax,,,254000.000,-608000.000,698000.000,281000.000,178000.000,76000.000,432000.000,435000.000,-859000.000,85000.000,308000.000,-446000.000,56000.000,-13000.000,-661000.000,-576000.000,197000.000,-787000.000,-123000.000,-953000.000,222000.000
OtherComprehensiveIncomeLossNetOfTax,,,274000.000,-628000.000,707000.000,291000.000,168000.000,80000.000,509000.000,431000.000,-859000.000,85000.000,308000.000,-446000.000,56000.000,-13000.000,-661000.000,,,,,,
OtherComprehensiveIncomeLossNetOfTaxPortionAttributableToParent,,,,,,,,,,,,,,,,,,,197000.000,-787000.000,-123000.000,-2877000.000,381000.000
OtherComprehensiveIncomeLossReclassificationAdjustmentForSaleOfSecuritiesIncludedInNetIncomeNetOfTax,,,,,,,,,77000.000,,,,,,,,,,,,,,
OtherNonoperatingIncomeExpense,-4000.000,-5000.000,-1000.000,-14000.000,-7000.000,-20000.000,-16000.000,80000.000,2711000.000,20000.000,-119000.000,30000.000,108000.000,261000.000,-63000.000,39000.000,-281000.000,-205000.000,128000.000,-249000.000,451000.000,-494000.000,1075000.000
PaymentsForRepurchaseOfCommonStock,,,1118000.000,,,,2500000.000,,,,2569000.000,,,,2737000.000,,,,,,,,
PaymentsToAcquirePropertyPlantAndEquipment,,,754000.000,,,,41000.000,,,,111000.000,,,,808000.000,,,,20000.000,,,,65000.000
ProceedsFromShortTermDebt,,,,,,,567000.000,,,,,,,,,,,,,,,,
ProvisionForDoubtfulAccounts,,,,,,,,,,,,,,,541000.000,,,,,,,,
ResearchAndDevelopmentExpense,,,,,,,,,,,,,,,,5500000.000,0.000,,,,,,
Revenues,33108000.000,37425000.000,39163000.000,40293000.000,40686000.000,36127000.000,29806000.000,29292000.000,35226000.000,32734000.000,26565000.000,32513000.000,34287000.000,41425000.000,33568000.000,37946000.000,42880000.000,42863000.000,36499000.000,38991000.000,40544000.000,44062000.000,42892000.000
SalesRevenueGoodsNet,27389000.000,30433000.000,31258000.000,32208000.000,32130000.000,27575000.000,20533000.000,21683000.000,25273000.000,31925000.000,26064000.000,31551000.000,33621000.000,40737000.000,33168000.000,37202000.000,41986000.000,41973000.000,35320000.000,37869000.000,39457000.000,43291000.000,41637000.000
SalesRevenueNet,33108000.000,37425000.000,39163000.000,40293000.000,40686000.000,36127000.000,29806000.000,29292000.000,35226000.000,32734000.000,26565000.000,32513000.000,34287000.000,41425000.000,33568000.000,37946000.000,42880000.000,42863000.000,36499000.000,38991000.000,40544000.000,44062000.000,42892000.000
SellingAndMarketingExpense,12861000.000,15222000.000,17640000.000,17689000.000,17042000.000,17956000.000,11199000.000,14269000.000,16498000.000,13855000.000,9834000.000,11242000.000,13911000.000,13490000.000,11057000.000,12964000.000,15077000.000,14863000.000,12352000.000,14432000.000,13320000.000,14600000.000,12765000.000
StockRepurchaseProgramAuthorizedAmount,,,,,,,40500000.000,,,,50500000.000,,,,,,,,,,,,
StockRepurchaseProgramRemainingAuthorizedRepurchaseAmount,,,,,,,9900000.000,,,,7100000.000,,,,,,,,,,,,
StockRepurchasedAndRetiredDuringPeriodShares,,,,1327749.000,1838202.000,,502400.000,,1349090.000,,500003.000,,,,312466.000,,,,,,,,
StockRepurchasedAndRetiredDuringPeriodValue,,,,7800000.000,9500000.000,,2500000.000,,7300000.000,,2600000.000,,,,2800000.000,,,,,,,,
WeightedAverageNumberDilutedSharesOutstandingAdjustment,,,,2278000.000,,,1388000.000,,1479000.000,,1208000.000,1192000.000,1361000.000,-2354000.000,2314000.000,,2257000.000,,2366000.000,2922000.000,2216000.000,-5173000.000,1572000.000
WeightedAverageNumberOfDilutedSharesOutstanding,,,,59517000.000,56617000.000,,55472000.000,54124000.000,55070000.000,-109730000.000,53234000.000,52812000.000,52393000.000,-105755000.000,52278000.000,49929000.000,52126000.000,-102160000.000,51955000.000,52819000.000,52595000.000,-104803000.000,53009000.000
WeightedAverageNumberOfSharesOutstandingBasic,,,,57239000.000,56617000.000,,54084000.000,54124000.000,53591000.000,-108212000.000,52026000.000,51620000.000,51032000.000,-103401000.000,49964000.000,49929000.000,49869000.000,-99965000.000,49589000.000,49897000.000,50379000.000,-99630000.000,51437000.000
