,2011-06-30,2011-09-30,2011-12-31,2012-03-31,2012-06-30,2012-09-30,2012-12-31,2013-03-31,2013-06-30,2013-09-30,2013-12-31,2014-03-31,2014-06-30,2014-09-30,2014-12-31,2015-03-31,2015-06-30,2015-09-30,2015-12-31,2016-03-31,2016-06-30,2016-09-30,2016-12-31
AdjustmentsToAdditionalPaidInCapitalShareBasedCompensationEmployeeStockPurchaseProgramRequisiteServicePeriodRecognition,,,,,,,,,,,,,12529.000,,,,,,,,,,
AdjustmentsToAdditionalPaidInCapitalSharebasedCompensationRequisiteServicePeriodRecognitionValue,,,,,,,,,,,,,,,,,31009.000,,,,13170.000,,
AllocatedShareBasedCompensationExpense,,,,,,,5856.000,,2646.000,0.000,0.000,25894.000,12529.000,,,,31009.000,29812.000,7140.000,13329.000,,,
AntidilutiveSecuritiesExcludedFromComputationOfEarningsPerShareAmount,,,,,,,,,,,,,,,0.000,,5848578.000,,4500000.000,,4500000.000,,
CashAndCashEquivalentsPeriodIncreaseDecrease,623514.000,,,,-273448.000,,,,61340.000,,,,163496.000,,,,-215567.000,,,,-403609.000,,
CostOfGoodsAndServicesSold,,,,,,,,,,,,,,105616.000,79322.000,,3948.000,4308.000,0.000,0.000,0.000,0.000,0.000
CostOfGoodsSold,37162.000,24514.000,11807.000,78843.000,3332.000,19780.000,7642.000,,,,,,,,,,,,,,,,
CostOfRevenue,1012446.000,443526.000,141799.000,179926.000,96467.000,100148.000,72721.000,,235638.000,189852.000,315429.000,237401.000,372955.000,315417.000,535137.000,174144.000,346770.000,173381.000,117761.000,120075.000,347482.000,107545.000,-197413.000
CostOfServices,64080.000,77342.000,67960.000,93687.000,90445.000,79568.000,65079.000,,,,,,,,,,,,,,,,
CurrentIncomeTaxExpenseBenefit,,,,,0.000,,,,0.000,,,,0.000,,,,0.000,,,,,,
DefinedBenefitPlanContributionsByEmployer,,,,,,,,,3904.000,,,,3677.000,,,,2577.000,,,,2435.000,,
DepreciationAndAmortization,1361.000,,,,1370.000,,,,1239.000,,,,1292.000,,,,965.000,,,,3151.000,,
EarningsPerShareBasic,,,,,,,,,,,,,,,-0.000,,-0.000,,-0.000,,,,
EarningsPerShareBasicAndDiluted,0.000,0.000,0.000,0.000,-0.000,-0.000,-0.000,-0.010,-0.000,-0.000,-0.000,0.000,0.000,0.000,,,0.000,0.000,,,0.000,0.000,0.000
EarningsPerShareDiluted,,,,,,,,,,,,,,,-0.000,,-0.000,,-0.000,,,,
EffectiveIncomeTaxRateReconciliationTaxSettlements,,,,,,,,,0.000,,,,0.000,,,,0.000,,,,0.000,,
GrossProfit,1169369.000,598965.000,1140046.000,41074.000,36079.000,24801.000,6351.000,-287256.000,213820.000,-88123.000,970938.000,205803.000,309793.000,79085.000,586358.000,-137086.000,198356.000,-8976.000,-117761.000,-120075.000,245884.000,-107545.000,348413.000
IncomeLossFromContinuingOperationsBeforeIncomeTaxesExtraordinaryItemsNoncontrollingInterest,,,,,,,,,,,,,,,,,,,,,-45221.000,-367814.000,73365.000
IncomeLossFromContinuingOperationsBeforeIncomeTaxesMinorityInterestAndIncomeLossFromEquityMethodInvestments,731237.000,264455.000,702417.000,-386012.000,-332983.000,-376005.000,-393694.000,-439814.000,-71437.000,-410113.000,713794.000,-137545.000,30439.000,-172856.000,307091.000,-622289.000,-120275.000,-354382.000,-364669.000,,-839326.000,,73365.000
IncomeTaxExpenseBenefit,,101025.000,31000.000,,0.000,,-59200.000,,,0.000,15000.000,,0.000,0.000,31350.000,-201238.000,0.000,0.000,0.000,0.000,0.000,0.000,0.000
IncreaseDecreaseInAccountsPayable,547451.000,,,,-17611.000,,,,62159.000,,,,184961.000,,,,-11822.000,,,,248719.000,,
IncreaseDecreaseInAccountsReceivable,1064560.000,,,,-88224.000,,,,-122218.000,,,,-1468.000,,,,62916.000,,,,591250.000,,
IncreaseDecreaseInAccruedLiabilitiesAndOtherOperatingLiabilities,372706.000,,,,-42808.000,,,,-105279.000,,,,-63682.000,,,,-58136.000,,,,-22335.000,,
IncreaseDecreaseInInventories,-36575.000,,,,-11252.000,,,,907.000,,,,-1212.000,,,,0.000,,,,,,
IncreaseDecreaseInPrepaidDeferredExpenseAndOtherAssets,3647.000,,,,-12645.000,,,,-1766.000,,,,4723.000,,,,-2304.000,,,,8436.000,,
IncrementalCommonSharesAttributableToShareBasedPaymentArrangements,,,,,,,,,,,,,,,,,0.000,,,,,,
LegalFees,,,,,,,,,15128.000,14765.000,119004.000,71686.000,206664.000,96712.000,338630.000,58346.000,230322.000,56573.000,5261.000,7575.000,219957.000,2545.000,-263552.000
LicenseCosts,911204.000,341670.000,62032.000,7396.000,2690.000,800.000,,,112500.000,112500.000,112500.000,112500.000,112500.000,113089.000,117185.000,112500.000,112500.000,112500.000,112500.000,112500.000,112500.000,105000.000,65000.000
LicensesRevenue,2025000.000,904338.000,1155000.000,16041.000,0.000,2000.000,,,392000.000,34725.000,1227500.000,391160.000,632500.000,340034.000,1078500.000,28500.000,540000.000,153500.000,0.000,0.000,593366.000,0.000,151000.000
NetCashProvidedByUsedInFinancingActivities,,,,,,,,,,,,,,,,,1100.000,,,,0.000,,
NetCashProvidedByUsedInFinancingActivitiesContinuingOperations,,,,,,,,,,,,,,,,,1100.000,,,,0.000,,
NetCashProvidedByUsedInInvestingActivities,,,,,,,,,,,,,,,,,,,,,-1407.000,,
NetCashProvidedByUsedInInvestingActivitiesContinuingOperations,,,,,,,,,,,,,,,,,,,,,-1407.000,,
NetCashProvidedByUsedInOperatingActivities,623514.000,,,,-273448.000,,,,61340.000,,,,163496.000,,,,-216667.000,,,,-402202.000,,
NetCashProvidedByUsedInOperatingActivitiesContinuingOperations,623514.000,,,,-273448.000,,,,61340.000,,,,163496.000,,,,-216667.000,,,,-402202.000,,
NetIncomeLoss,731237.000,163430.000,671417.000,-371012.000,-332983.000,-376005.000,-334494.000,-439814.000,-71437.000,-410113.000,698794.000,-161160.000,30439.000,-172856.000,275741.000,-368477.000,-120275.000,-354382.000,-363869.000,-436638.000,-45221.000,-367814.000,73365.000
NetIncomeLossAvailableToCommonStockholdersBasic,731237.000,163430.000,671417.000,-371012.000,,,-334494.000,,,,,,,,,,,,,,,,
OperatingExpenses,438132.000,334510.000,437629.000,427086.000,369062.000,400806.000,400045.000,814997.000,520895.000,511842.000,572573.000,580749.000,652309.000,567358.000,814404.000,659347.000,665401.000,518787.000,364669.000,435838.000,638587.000,367814.000,77635.000
OtherCostAndExpenseOperating,,,,,,,,,285257.000,321990.000,257144.000,343348.000,279354.000,251941.000,279267.000,485203.000,318631.000,345406.000,246908.000,315763.000,291105.000,260269.000,275048.000
OtherIncome,,,,,,,,,,,,,,,,,,,800.000,,,,0.000
OtherNonoperatingIncomeExpense,,,,,,,,,,,,,,,,,,,800.000,,,,0.000
PaymentsToAcquirePropertyPlantAndEquipment,,,,,,,,,,,,,,,,,,,,,1407.000,,
ProceedsFromStockOptionsExercised,,,,,,,,,,,,,,,,,1100.000,,,,0.000,,
ProductWarrantyAccrualAdditionsFromBusinessAcquisition,,,,,,,,,-592.000,-180.000,-188.000,-25.000,0.000,0.000,0.000,0.000,,,,,,,
ProductWarrantyAccrualPayments,,,,,,,,,383.000,-30.000,-15.000,-10.000,0.000,0.000,0.000,0.000,,,,,,,
ProductWarrantyAccrualPeriodIncreaseDecrease,,,,,,,,,,,,,0.000,,,,,,,,,,
ProfitLoss,,,,,,,,,,,,,,,,,-120275.000,,-363869.000,,,,
ProvisionForDoubtfulAccounts,,,,,,,,,,,,,,,,,2204.000,,,,0.000,,
ResearchAndDevelopmentExpense,189285.000,103736.000,218538.000,161354.000,146103.000,168864.000,131161.000,98639.000,82870.000,78150.000,77436.000,116264.000,92584.000,75224.000,93786.000,105043.000,97606.000,85248.000,70542.000,113672.000,98755.000,72116.000,85487.000
Revenues,2181815.000,1042491.000,1281845.000,221000.000,132546.000,124949.000,79072.000,105847.000,449458.000,101729.000,1286367.000,443204.000,682748.000,394502.000,1121495.000,37058.000,545126.000,164405.000,0.000,0.000,593366.000,0.000,151000.000
RoyaltyExpense,,,,,,,,,,,,,,,,,,,,,15025.000,0.000,1139.000
SalesRevenueGoodsNet,39007.000,21250.000,1902.000,100685.000,2753.000,7849.000,5500.000,,,,,,,,,,,,,,,,
SalesRevenueNet,2181815.000,1042491.000,1281845.000,221000.000,132546.000,124949.000,79072.000,105847.000,57458.000,67004.000,58867.000,52044.000,50248.000,54468.000,42995.000,8558.000,5126.000,10905.000,0.000,0.000,0.000,0.000,0.000
SalesRevenueServicesNet,117808.000,116903.000,124943.000,104274.000,129793.000,115100.000,73572.000,,,,,,,,,,,,,,,,
SellingGeneralAndAdministrativeExpense,248847.000,230774.000,219091.000,265732.000,222959.000,231942.000,268884.000,53919.000,202387.000,243840.000,179708.000,227084.000,186770.000,176717.000,185481.000,380160.000,221025.000,260158.000,176366.000,202091.000,192350.000,188153.000,189561.000
ShareBasedCompensation,3724.000,,,,5085.000,5461.000,,,2646.000,,,,12529.000,12529.000,12529.000,49912.000,31009.000,,,,13170.000,18577.000,5085.000
ShareBasedCompensationArrangementByShareBasedPaymentAwardOptionsForfeituresAndExpirationsInPeriod,,,,,,,,,-800000.000,,,,-1890000.000,,,,50000.000,,,,0.000,,
ShareBasedCompensationArrangementByShareBasedPaymentAwardOptionsForfeituresAndExpirationsInPeriodWeightedAverageExercisePrice,,,,,,,,,,,,,0.090,,,,0.110,,,,,,
ShareBasedCompensationArrangementByShareBasedPaymentAwardOptionsGrantsInPeriod,,,,,,,,,0.000,0.000,0.000,,0.000,,0.000,,0.000,,,,,,
ShareBasedCompensationArrangementByShareBasedPaymentAwardOptionsGrantsInPeriodGrantDateIntrinsicValue,,,,,,,,,,,,,0.041,,,,0.075,,,,0.043,,
ShareBasedCompensationArrangementByShareBasedPaymentAwardOptionsGrantsInPeriodGross,,,,,,,,,,,,,0.000,,,,0.000,,,,0.000,,
ShareBasedCompensationArrangementsByShareBasedPaymentAwardOptionsExercisesInPeriodWeightedAverageExercisePrice,,,,,,,,,,,,,,,,,0.022,,,,,,
ShareBasedCompensationSharesAuthorizedUnderStockOptionPlansExercisePriceRangeLowerRangeLimit,,,,,0.020,,,,0.020,,,,0.022,,,,0.022,,,,0.055,,
ShareBasedCompensationSharesAuthorizedUnderStockOptionPlansExercisePriceRangeUpperRangeLimit,,,,,0.155,,,,0.155,,,,0.110,,,,0.110,,,,0.110,,
StandardProductWarrantyAccrualPreexistingIncreaseDecrease,,,,,,,,,383.000,,,,,,,,,,,,,,
StockGrantedDuringPeriodValueSharebasedCompensation,,,,,5085.000,,,,2646.000,,,,,,,,,,,,,,
StockGrantedDuringPeriodValueSharebasedCompensationGross,,,,,15300.000,,,,,,,,,,,,,,,,,,
StockIssuedDuringPeriodSharesStockOptionsExercised,,,,,,,,,,,,,0.000,,,,50000.000,,,,0.000,,
StockIssuedDuringPeriodValueShareBasedCompensation,,,,,,,,,,,,,,,,,1100.000,,,,,,
WeightedAverageNumberDilutedSharesOutstandingAdjustment,,,,,,,,,,,,,,,835944.000,,,,0.000,,,,
WeightedAverageNumberOfDilutedSharesOutstanding,,,,,293003158.000,,,,293186908.000,,,,294188377.000,,294164274.000,,293392066.000,,293678330.000,,293678330.000,,
WeightedAverageNumberOfShareOutstandingBasicAndDiluted,,,,,,,,,,293186908.000,293186908.000,,,293328330.000,,,,293621265.000,,,,293678330.000,293678330.000
WeightedAverageNumberOfSharesOutstandingBasic,,,,,293003158.000,293003158.000,293008407.000,-585827815.000,293186908.000,,,,293328330.000,,293328330.000,,293392066.000,,293678330.000,,293678330.000,,
