,2011-03-31,2011-06-30,2011-09-30,2011-12-31,2012-03-31,2012-06-30,2012-09-30,2012-12-31,2013-03-31,2013-06-30,2013-09-30,2013-12-31,2014-03-31,2014-06-30,2014-09-30,2014-12-31,2015-03-31,2015-06-30,2015-09-30,2015-12-31,2016-03-31,2016-06-30,2016-09-30,2016-12-31,2017-03-31,2017-06-30
AcceleratedShareRepurchasesInitialPricePaidPerShare,,,,,,,,,,,,,29.620,,,,,,,,,,,,,
AdjustmentsNoncashItemsToReconcileNetIncomeLossToCashProvidedByUsedInOperatingActivitiesOther,-1482000.000,,,,,,,,,,,,,,,,,,,,,,,,,
AllocatedShareBasedCompensationExpense,,,,,,,,,9000000.000,,,,11400000.000,,,,11600000.000,,,,10400000.000,,,,10300000.000,
AmortizationOfFinancingCostsAndDiscounts,6255000.000,,,,2210000.000,,,,2394000.000,,,,2071000.000,,,,1955000.000,,,,,,,,,
AntidilutiveSecuritiesExcludedFromComputationOfEarningsPerShareAmount,,190000.000,470000.000,,850000.000,2090000.000,2600000.000,-3440000.000,1900000.000,1230000.000,1100000.000,-2130000.000,1600000.000,550000.000,284000.000,-1334000.000,,,,,,,,,,
AssetImpairmentCharges,,,,,,,,,,,,,,,,,,807637000.000,755632000.000,,,460283000.000,0.000,,,
AssetRetirementObligationAccretionExpense,,,,,1741000.000,,,,1239000.000,,,,1133000.000,,,,1163000.000,,,,,,,,,
AssetRetirementObligationLiabilitiesIncurred,,,,,3573000.000,,,,360000.000,,,,,,,,840000.000,,,,,,,,,
AssetRetirementObligationLiabilitiesSettled,,,,,2661000.000,,,,87000.000,,,,,,,,,,,,,,,,,
AvailableForSaleSecuritiesChangeInNetUnrealizedHoldingGainLoss,,,,,,,3500000.000,,1600000.000,,,,102000.000,,,,,,,,,,,,,
AvailableForSaleSecuritiesChangeInNetUnrealizedHoldingGainLossNetOfTax,,,,,,,2200000.000,,1000000.000,,,,64000.000,,,,,,,,,,,,,
AvailableForSaleSecuritiesGrossRealizedGains,,,,,,,900000.000,,,,,,,,,,,,,,,,,,,
AvailableForSaleSecuritiesGrossRealizedGainsLossesSaleProceeds,,,,,,,31100000.000,,,,,,,10600000.000,,,,,,,,,,,,
AvailableForSaleSecuritiesIncomeTaxExpenseOnChangeInUnrealizedHoldingGainOrLoss,,,,,,,1300000.000,,600000.000,,,,38000.000,,,,,,,,,,,,,
BusinessAcquisitionProFormaEarningsPerShareBasic,,,,,0.710,,0.610,,,,,,,,,,,,,,,,,,,
BusinessAcquisitionProFormaEarningsPerShareDiluted,,,,,0.750,,0.600,,,,,,,,,,,,,,,,,,,
BusinessAcquisitionsProFormaNetIncomeLoss,,,,,110648000.000,,95184000.000,,,,,,,,,,,,,,,,,,,
BusinessAcquisitionsProFormaRevenue,,,,,1223783000.000,,1186161000.000,,,,,,,,,,,,,,,,,,,
BusinessCombinationProvisionalInformationInitialAccountingIncompleteAdjustmentIntangibles,,,,,1922300000.000,,,,,,,,,,,,,,,,,,,,,
CapitalLeasesIncomeStatementInterestExpense,,,,,700000.000,,,,600000.000,,,,,,,,,,,,,,,,,
CashAndCashEquivalentsPeriodIncreaseDecrease,20355000.000,,,,55484000.000,,,,-14124000.000,,,,-50199000.000,,,,21783000.000,,,,-4779000.000,,,,-35825000.000,
CommonStockDividendsPerShareCashPaid,,,,,,,,,,,,,0.080,0.080,0.080,,0.080,0.080,0.080,,0.080,,,,,
ComprehensiveIncomeNetOfTax,,,,,59825000.000,133038000.000,103301000.000,77390000.000,51377000.000,66309000.000,81784000.000,-309071000.000,38063000.000,80643000.000,65418000.000,54913000.000,-25814000.000,-770755000.000,-828680000.000,-238883000.000,-91558000.000,-488025000.000,-122691000.000,-219179000.000,-89935000.000,-57784000.000
CostOfGoodsAndServicesSold,233845000.000,271370000.000,301065000.000,311723000.000,546767000.000,711284000.000,708608000.000,722814000.000,707487000.000,711883000.000,748052000.000,734428000.000,651605000.000,650293000.000,721692000.000,711243000.000,582246000.000,465533000.000,420485000.000,397548000.000,285339000.000,258635000.000,258168000.000,321132000.000,321986000.000,351802000.000
CostOfServices,,,,,,,,,,,,,,552411000.000,597992000.000,,481993000.000,387565000.000,355373000.000,350722000.000,252543000.000,226752000.000,223766000.000,272880000.000,296434000.000,322795000.000
DeferredIncomeTaxExpenseBenefit,-2305000.000,,,,-10979000.000,,,,19724000.000,,,,6495000.000,,,,-4767000.000,,,,-55371000.000,,,,-29747000.000,
DerivativeGainLossOnDerivativeNet,,,,,,,,,,,,,,937000.000,732000.000,,1263000.000,-586000.000,2318000.000,-273000.000,2707000.000,1243000.000,14000.000,-2290000.000,2707000.000,
DerivativeInstrumentsGainLossRecognizedInIncomeNet,,-366000.000,-438000.000,,0.000,641000.000,397000.000,248000.000,128000.000,-211000.000,-102000.000,-591000.000,636000.000,,,,,,,,,,,,,
DiscontinuedOperationIncomeLossFromDiscontinuedOperationBeforeIncomeTax,,,,,,-1514000.000,,,,,,,,,,,,,,,,,,,,
DiscontinuedOperationIncomeLossFromDiscontinuedOperationDuringPhaseOutPeriodNetOfTax,,,,,,,,,,,,,-5954000.000,-3895000.000,,,,,,,,,,,,
DiscontinuedOperationTaxEffectOfDiscontinuedOperation,,,,,,544000.000,,,,,,,,3311000.000,4063000.000,,-1373000.000,,,,,,0.000,,,
DisposalGroupIncludingDiscontinuedOperationRevenue,,,,,,,,,,,,,39002000.000,38524000.000,,,,,,,,,,,,
DisposalGroupNotDiscontinuedOperationGainLossOnDisposal,2674000.000,5884000.000,,,,,,,,,,,,,,,,,,,,,,,,
EarningsPerShareBasic,0.200,0.600,0.750,0.240,0.430,0.900,0.600,0.520,0.400,0.430,0.440,-1.970,0.230,0.480,0.520,0.430,-0.070,-5.220,-5.450,-1.590,,,,,,
EarningsPerShareBasicAndDiluted,,,,,,,,,,,,,,,,,,,,,-0.570,-3.110,-0.780,,-0.600,-0.420
EarningsPerShareDiluted,0.190,0.590,0.730,0.250,0.420,0.890,0.590,0.520,0.400,0.430,0.430,-1.960,0.230,0.470,0.510,0.440,-0.070,-5.220,-5.450,-1.590,,,,,,
EffectOfExchangeRateOnCashAndCashEquivalents,893000.000,,,,665000.000,,,,-2573000.000,,,,-35000.000,,,,-6147000.000,,,,-4232000.000,,,,2194000.000,
EntityWideDisclosureOnGeographicAreasRevenueFromExternalCustomersAttributedToEntitysCountryOfDomicile,,373068000.000,422045000.000,,795771000.000,1053789000.000,976984000.000,942984000.000,940829000.000,948382000.000,960054000.000,911011000.000,892319000.000,,,,,,,,,,,,,
EntityWideDisclosureOnGeographicAreasRevenueFromExternalCustomersAttributedToForeignCountries,,137738000.000,143297000.000,,171066000.000,189530000.000,202681000.000,235263000.000,194650000.000,211331000.000,228561000.000,217006000.000,169099000.000,,,,,,,,,,,,,
EquityMethodInvestmentRealizedGainLossOnDisposal,,,,,,17880000.000,,,,,,,,,,,,,,,,,,,,
ExcessTaxBenefitFromShareBasedCompensationFinancingActivities,5078000.000,,,,843000.000,,,,264000.000,,,,,,,,,,,,,,,,,
ExcessTaxBenefitFromShareBasedCompensationOperatingActivities,,,,,843000.000,,,,264000.000,,,,,,,,,,,,,,,,,
GainLossOnDispositionOfAssets,,,,,-56100000.000,,,,,,,,,,,,,,,,,,,,,
GainLossOnInterestRateFairValueHedgeIneffectiveness,,,,,,,,,100000.000,,,,600000.000,,,,1300000.000,,,,2700000.000,,,,,
GainsLossesOnExtinguishmentOfDebt,,,,,,,-2294000.000,,,-884000.000,,,,,,,,,,,,,,,,
GeneralAndAdministrativeExpense,86879000.000,95881000.000,95391000.000,105416000.000,176021000.000,157519000.000,163458000.000,165794000.000,150164000.000,156967000.000,157904000.000,168842000.000,155919000.000,146853000.000,154859000.000,166740000.000,150962000.000,129661000.000,123189000.000,106896000.000,103155000.000,82747000.000,86743000.000,73961000.000,75493000.000,76708000.000
GoodwillImpairmentLoss,,,,,,,,,,,,,,,,,,575389000.000,740000000.000,,,,,,,
ImpairmentOfLongLivedAssetsHeldForUse,,,,,,,,,,,,,,,,,,150256000.000,15632000.000,,,,,,,
ImpairmentOfLongLivedAssetsToBeDisposedOf,,,,,,,,,,,,,,,,,,15500000.000,,,,,,,,
IncomeLossFromContinuingOperationsBeforeIncomeTaxesExtraordinaryItemsNoncontrollingInterest,,75171000.000,93094000.000,,111360000.000,226703000.000,149027000.000,121072000.000,101154000.000,108823000.000,100978000.000,-382540000.000,67660000.000,125487000.000,136101000.000,112941000.000,-2373000.000,-882305000.000,-870412000.000,-304693000.000,-128084000.000,-589498000.000,-160098000.000,-222661000.000,-134425000.000,-92050000.000
IncomeLossFromContinuingOperationsIncludingPortionAttributableToNoncontrollingInterest,,,,,70157000.000,142823000.000,93887000.000,76275000.000,63727000.000,68559000.000,69835000.000,-313539000.000,42626000.000,79057000.000,85743000.000,73364000.000,-1495000.000,-775132000.000,-816587000.000,-214549000.000,-84536000.000,-468632000.000,-113913000.000,-166259000.000,-89661000.000,-62039000.000
IncomeLossFromContinuingOperationsPerBasicAndDilutedShare,,,,,,,,,,,,,,,,,,,,,-0.560,-3.090,-0.750,,-0.590,-0.410
IncomeLossFromContinuingOperationsPerBasicShare,,,,,0.560,0.910,0.600,0.500,0.400,0.430,0.440,-1.970,0.270,0.510,0.550,0.480,-0.010,-5.150,-5.420,-1.440,,,,,,
IncomeLossFromContinuingOperationsPerDilutedShare,,,,,0.550,0.900,0.590,0.500,0.400,0.430,0.430,-1.960,0.270,0.500,0.550,0.470,-0.010,-5.150,-5.420,-1.440,,,,,,
IncomeLossFromDiscontinuedOperationsNetOfTax,,,,,-16237000.000,-970000.000,,,,,,,-5954000.000,-3895000.000,-5886000.000,-7238000.000,-9640000.000,-9857000.000,-4610000.000,-22848000.000,-2267000.000,-2225000.000,-4085000.000,-44982000.000,-1998000.000,-1767000.000
IncomeLossFromDiscontinuedOperationsNetOfTaxPerBasicAndDilutedShare,,,,,,,,,,,,,,,,,,,,,-0.010,-0.020,-0.030,,-0.010,-0.010
IncomeLossFromDiscontinuedOperationsNetOfTaxPerBasicShare,,,,,-0.130,-0.010,,,,,,,-0.040,-0.030,-0.030,-0.050,-0.060,-0.070,-0.030,-0.150,,,,,,
IncomeLossFromDiscontinuedOperationsNetOfTaxPerDilutedShare,,,,,-0.130,-0.010,,,,,,,-0.040,-0.030,-0.040,-0.030,-0.060,-0.070,-0.030,-0.150,,,,,,
IncomeLossFromEquityMethodInvestments,27000.000,5499000.000,8198000.000,2670000.000,-287000.000,,,,,,,,,,,,,,,,,,,,,
IncomeLossFromEquityMethodInvestmentsNetOfDividendsOrDistributions,27000.000,,,,-2921000.000,,,,,,,,,,,,,,,,,,,,,
IncomeTaxExpenseBenefit,8720000.000,27062000.000,33514000.000,9850000.000,41203000.000,83880000.000,55140000.000,44797000.000,37427000.000,40264000.000,31143000.000,-69001000.000,25034000.000,46430000.000,50358000.000,39577000.000,-878000.000,-107173000.000,-53825000.000,-90144000.000,-43548000.000,-120866000.000,-46185000.000,-56402000.000,-44764000.000,-30011000.000
IncreaseDecreaseInAccountsPayable,-2305000.000,,,,28436000.000,,,,3327000.000,,,,7498000.000,,,,-20800000.000,,,,-14979000.000,,,,11731000.000,
IncreaseDecreaseInAccruedIncomeTaxesPayable,-2558000.000,,,,38809000.000,,,,-115007000.000,,,,8603000.000,,,,-30973000.000,,,,8987000.000,,,,-20496000.000,
IncreaseDecreaseInAccruedLiabilities,-13145000.000,,,,-56346000.000,,,,-11504000.000,,,,-8485000.000,,,,-38152000.000,,,,-5307000.000,,,,17673000.000,
IncreaseDecreaseInAssetRetirementObligations,,,,,-2661000.000,,,,-87000.000,,,,,,,,,,,,,,,,,
IncreaseDecreaseInOtherOperatingCapitalNet,-1692000.000,,,,6562000.000,,,,-26207000.000,,,,8085000.000,,,,-11955000.000,,,,-3543000.000,,,,12592000.000,
IncreaseDecreaseInReceivables,-78834000.000,,,,64163000.000,,,,-17343000.000,,,,5035000.000,,,,-168412000.000,,,,-71602000.000,,,,32441000.000,
IncreaseDecreaseInRestrictedCashAndInvestments,,,,,785280000.000,,,,,,,,,,,,,,,,,,,,-30600000.000,
IncrementalCommonSharesAttributableToShareBasedPaymentArrangements,1738000.000,1510000.000,1418000.000,,1802000.000,1615000.000,1423000.000,-3759000.000,1487000.000,1593000.000,1557000.000,,2700000.000,2702000.000,1806000.000,-5636000.000,,,,,,,,,,
InterestIncomeExpenseNet,,-16453000.000,-19115000.000,,-29806000.000,-30177000.000,-28118000.000,,-27540000.000,-26942000.000,-24464000.000,,-23881000.000,-24560000.000,-24169000.000,,-23209000.000,-25382000.000,-22622000.000,-26105000.000,-23806000.000,-22748000.000,-21771000.000,-24428000.000,-24250000.000,-23333000.000
LineOfCreditFacilityAverageOutstandingAmount,,,,,0.000,,,,,,,,,,,,,,,,,,,,,
NetCashProvidedByUsedInFinancingActivities,-13692000.000,,,,297751000.000,,,,32935000.000,,,,-99231000.000,,,,-38309000.000,,,,-26947000.000,,,,-8706000.000,
NetCashProvidedByUsedInFinancingActivitiesContinuingOperations,-13692000.000,,,,297751000.000,,,,32935000.000,,,,-99231000.000,,,,-38309000.000,,,,-26947000.000,,,,-8706000.000,
NetCashProvidedByUsedInInvestingActivities,-104791000.000,,,,-336989000.000,,,,-181207000.000,,,,-158873000.000,,,,-172029000.000,,,,-36135000.000,,,,13502000.000,
NetCashProvidedByUsedInInvestingActivitiesContinuingOperations,-104791000.000,,,,-336989000.000,,,,-181207000.000,,,,-158873000.000,,,,-172029000.000,,,,-36135000.000,,,,13502000.000,
NetCashProvidedByUsedInOperatingActivities,137945000.000,,,,94057000.000,,,,136721000.000,,,,207940000.000,,,,238268000.000,,,,62535000.000,,,,-42815000.000,
NetCashProvidedByUsedInOperatingActivitiesContinuingOperations,137945000.000,,,,94057000.000,,,,136721000.000,,,,207940000.000,,,,238268000.000,,,,62535000.000,,,,-42815000.000,
NetIncomeLoss,15503000.000,48109000.000,59580000.000,19362000.000,53920000.000,141853000.000,93887000.000,76275000.000,63727000.000,68559000.000,69835000.000,-313539000.000,36672000.000,75162000.000,79857000.000,66126000.000,-11135000.000,-784989000.000,-821197000.000,-237397000.000,-86803000.000,-470857000.000,-117998000.000,-211241000.000,-91659000.000,-63806000.000
OperatingIncomeLoss,36568000.000,86125000.000,104011000.000,47041000.000,141453000.000,239000000.000,179439000.000,146630000.000,128194000.000,135876000.000,124653000.000,-357934000.000,91576000.000,149441000.000,162321000.000,143266000.000,21807000.000,-850399000.000,-844667000.000,-279730000.000,-112033000.000,-577431000.000,-141994000.000,-198751000.000,-110824000.000,-66561000.000
OtherComprehensiveIncomeForeignCurrencyTransactionAndTranslationAdjustmentNetOfTaxPeriodIncreaseDecrease,,,,,5905000.000,,,,,,,,,,,,,,,,,,,,,
OtherComprehensiveIncomeForeignCurrencyTransactionAndTranslationAdjustmentNetOfTaxPortionAttributableToParent,,711000.000,-6027000.000,,,,,,,,,,,,,,,,,,,,,,,
OtherComprehensiveIncomeLossAvailableForSaleSecuritiesTax,,,,,,,-1291000.000,,,,,,,,,,,,,,,,,,,
OtherComprehensiveIncomeLossForeignCurrencyTransactionAndTranslationAdjustmentNetOfTax,,,,,,-5976000.000,7216000.000,,-11362000.000,-1783000.000,10942000.000,4276000.000,1327000.000,4392000.000,-14439000.000,-11213000.000,-14679000.000,14234000.000,-7483000.000,-1486000.000,-4755000.000,-17168000.000,-4693000.000,-7938000.000,1724000.000,6022000.000
OtherComprehensiveIncomeLossReclassificationAdjustmentFromAOCIForSaleOfSecuritiesNetOfTax,,,,,,,,,,,,,,-1089000.000,,,,,,,,,,,,
OtherComprehensiveIncomeUnrealizedHoldingGainLossOnSecuritiesArisingDuringPeriodNetOfTax,,,,,,-2839000.000,2198000.000,,-988000.000,-467000.000,1007000.000,192000.000,64000.000,,,,,,,,,,,,,
OtherNoncashIncomeExpense,,,,,-3481000.000,,,,223000.000,,,,7593000.000,,,,-2726000.000,,,,63000.000,,,,1430000.000,
OtherNonoperatingIncomeExpense,,,,,,,,,500000.000,773000.000,789000.000,,-35000.000,606000.000,-2051000.000,-6201000.000,-971000.000,-6524000.000,-3123000.000,1142000.000,7755000.000,10681000.000,3667000.000,518000.000,649000.000,-2156000.000
PaymentsForProceedsFromOtherInvestingActivities,1974000.000,,,,-3305000.000,,,,-305000.000,,,,-2974000.000,,,,-1900000.000,,,,-1880000.000,,,,-4090000.000,
PaymentsForRepurchaseOfCommonStock,,,,,,,,,,,,,82291000.000,,,,,,,,,,,,,
PaymentsOfDebtIssuanceCosts,,,,,25011000.000,,,,,,,,,,,,,,,,2364000.000,,,,,
PaymentsOfDividendsCommonStock,,,,,,,,,,,,,12689000.000,,,,11984000.000,,,,12111000.000,,,,,
PaymentsRelatedToTaxWithholdingForShareBasedCompensation,,,,,,,,,,,,,,,,,,,,,,,,,8220000.000,
PaymentsToAcquireBusinessesGross,,,,,,,,,,,,,,,25000000.000,,,,,,,,,,,
PaymentsToAcquireBusinessesNetOfCashAcquired,,,,,1038241000.000,,,,23797000.000,,,,2079000.000,,,,,,,,,,,,,
PaymentsToAcquirePropertyPlantAndEquipment,108579000.000,,,,273245000.000,,,,157715000.000,,,,159768000.000,,,,127487000.000,,,,38015000.000,,,,21188000.000,
ProceedsFromDivestitureOfBusinessesNetOfCashDivested,5762000.000,,,,185912000.000,,,,,,,,,,,,,,,,,,,,,
ProceedsFromIssuanceOfLongTermDebt,,,,,400000000.000,,,,,,,,,,,,,,,,,,,,,
ProceedsFromIssuanceOfSharesUnderIncentiveAndShareBasedCompensationPlans,634000.000,,,,819000.000,,,,1133000.000,,,,,,,,,,,,,,,,,
ProceedsFromLongTermLinesOfCredit,,,,,,,,,196350000.000,,,,5624000.000,,,,,,,,325000000.000,,,,,
ProceedsFromPaymentsForOtherFinancingActivities,-6551000.000,,,,-3610000.000,,,,-3562000.000,,,,-4298000.000,,,,-6367000.000,,,,-8366000.000,,,,-486000.000,
ProceedsFromStockOptionsExercised,6147000.000,,,,12256000.000,,,,5100000.000,,,,5047000.000,,,,6208000.000,,,,,,,,,
RelatedPartyTransactionAmountsOfTransaction,,,,,71400000.000,,54800000.000,,45400000.000,,,,53100000.000,,,,,,,,,,,,,
RepaymentsOfLongTermDebt,,,,,12546000.000,,,,5000000.000,,,,5000000.000,,,,5233000.000,,,,329106000.000,,,,,
RepaymentsOfLongTermLinesOfCredit,,,,,,,,,161350000.000,,,,5624000.000,,,,,,,,,,,,,
RestructuringCharges,,,,,,,,,,,,,,,,,,,,,,7400000.000,2300000.000,,,
Revenues,413981000.000,510806000.000,565342000.000,580037000.000,966837000.000,1243319000.000,1179665000.000,1178247000.000,1135479000.000,1159713000.000,1188615000.000,1128017000.000,1061418000.000,1107552000.000,1209026000.000,1178626000.000,917235000.000,710784000.000,601396000.000,545150000.000,413133000.000,356271000.000,326225000.000,354418000.000,400936000.000,470068000.000
SalesRevenueNet,413981000.000,510806000.000,565342000.000,580037000.000,966837000.000,1243319000.000,1179665000.000,1178247000.000,1135479000.000,1159713000.000,1188615000.000,1128017000.000,1061418000.000,1107552000.000,1209026000.000,1178626000.000,917235000.000,710784000.000,601396000.000,545150000.000,413133000.000,356271000.000,326225000.000,354418000.000,400936000.000,470068000.000
SalesRevenueServicesNet,,,,,,,,,,,,,,836666000.000,935560000.000,,685465000.000,534959000.000,464545000.000,419973000.000,313928000.000,293964000.000,266093000.000,288259000.000,334450000.000,404131000.000
ShareBasedCompensation,3686000.000,,,,10591000.000,,,,7979000.000,,,,11116000.000,,,,11816000.000,,,,10783000.000,,,,10691000.000,
ValuationAllowancesAndReservesAdjustments,,,,,,,,,,,,,,,,,,16800000.000,,,,,,,,
WeightedAverageNumberOfDilutedSharesOutstanding,80759000.000,81254000.000,81254000.000,-162172000.000,127344000.000,158632000.000,158576000.000,-293446000.000,160433000.000,160930000.000,160883000.000,-323040000.000,160912000.000,159101000.000,156336000.000,-319623000.000,149881000.000,150485000.000,150742000.000,-300647000.000,,,,,,
WeightedAverageNumberOfShareOutstandingBasicAndDiluted,,,,,,,,,,,,,,,,,,,,,,,,,152701000.000,152857000.000
WeightedAverageNumberOfSharesOutstandingBasic,79021000.000,79744000.000,79836000.000,-158947000.000,125542000.000,157017000.000,157153000.000,-290424000.000,158946000.000,159337000.000,159326000.000,-318403000.000,158212000.000,156399000.000,154530000.000,-313987000.000,149881000.000,150485000.000,150742000.000,-300647000.000,151324000.000,151456000.000,151707000.000,-302929000.000,,
