,2011-06-30,2011-09-30,2012-03-31,2012-09-30,2013-03-31,2013-06-30,2013-09-30,2013-12-31,2014-03-31,2014-06-30,2014-09-30,2014-12-31,2015-03-31,2015-06-30,2015-09-30,2015-12-31,2016-03-31,2016-06-30,2016-09-30,2016-12-31,2017-03-31
AdjustmentsToAdditionalPaidInCapitalOther,,,,,,,,,,,,,88214.000,,,,,,,,
AllocatedShareBasedCompensationExpense,,,,,,,,,51224.000,,,,,,,,,,,,
AmortizationOfFinancingCostsAndDiscounts,,,,,,,,,,,,,,,,,,,,,318512.000
BusinessAcquisitionProFormaEarningsPerShareBasic,,,,0.300,,,,,,,,,,,,,,,,,
BusinessAcquisitionProFormaEarningsPerShareDiluted,,,,0.170,,,,,,,,,,,,,,,,,
BusinessAcquisitionsProFormaNetIncomeLoss,,,,2711.000,,,,,,,,,,,,,,,,,
BusinessAcquisitionsProFormaRevenue,,,,32474.000,,,,,,,,,,,,,,,,,
BusinessCombinationAcquisitionRelatedCosts,,,,1154612.000,36592.000,,,,600412.000,1959418.000,259235.000,994603.000,157678.000,0.000,5910.000,11584.000,49376.000,26523.000,47217.000,64857.000,
BusinessCombinationBargainPurchaseGainRecognizedAmount,,,,,,,,,,6481051.000,92635.000,,0.000,0.000,0.000,0.000,,,,,
BusinessCombinationContingentConsiderationArrangementsChangeInAmountOfContingentConsiderationLiability1,,,,,,,,,,0.000,-1876752.000,,,,0.000,,,,,,
CashAndCashEquivalentsPeriodIncreaseDecrease,,,3621271.000,,508891.000,,,,2337816.000,,,,-2336235.000,,,,1017031.000,,,,-1694839.000
ConversionOfStockAmountConverted1,,,34.000,,84.000,,,,40.000,,,,17.000,,,,120.000,,,,
ConversionOfStockSharesConverted1,,,,,83968.000,,,,,,,,,,,,,,,,
CostOfRevenue,25325275.000,28268785.000,31942875.000,33011934.000,29785043.000,32556738.000,41945879.000,41340555.000,42205170.000,63200942.000,72846322.000,66040281.000,37605869.000,43635177.000,34104949.000,20900278.000,14371128.000,19168398.000,22462171.000,25758117.000,30701554.000
DebtInstrumentIncreaseAccruedInterest,,,,,,,,,,,,,0.000,,,,,,,,
DeferredIncomeTaxExpenseBenefit,,,98000.000,,-10000.000,,,,0.000,,,,5306000.000,,,,0.000,,,,
DepreciationAndAmortization,,,,,,,,,,,,,,1561314.000,1597881.000,,1593584.000,1553655.000,1560562.000,1569414.000,1600060.000
DepreciationDepletionAndAmortization,,,40913.000,,532718.000,,,,732677.000,,,,1556982.000,,,,2885457.000,,,,1600060.000
DerivativeGainLossOnDerivativeNet,,,,,,,,,,,,,,,818051.000,,-1986320.000,1645288.000,1065217.000,-674309.000,920672.000
EarningsPerShareBasic,0.170,0.110,0.170,0.170,0.060,0.110,0.130,0.140,0.040,0.310,-0.080,-0.500,-0.600,-0.020,-0.110,-0.130,-0.070,-0.210,-0.030,-0.200,-0.120
EarningsPerShareDiluted,0.100,0.060,0.100,0.130,0.050,0.100,0.120,0.120,0.040,0.280,-0.080,-0.470,-0.600,-0.020,-0.110,-0.130,-0.070,-0.210,-0.030,-0.200,-0.120
EffectiveIncomeTaxRateContinuingOperations,,,,,,,,,,,,,,,,,,,,,0.000
EffectiveIncomeTaxRateReconciliationAtFederalStatutoryIncomeTaxRate,,,,,,,,,,,,,,,,,0.340,,,,0.340
GainLossOnDerivativeInstrumentsNetPretax,,,,,,,,,,,,,,1816982.000,395430.000,,55916.000,-317675.000,-90061.000,-196560.000,0.000
GainLossOnDispositionOfAssets1,,,,,,,,,,,,,-70478.000,,,,9701834.000,,,,
GeneralAndAdministrativeExpense,,,,,2221492.000,2395745.000,2495748.000,4359857.000,3587489.000,6075517.000,6801396.000,9609380.000,7329597.000,5641250.000,6052764.000,5022853.000,5495987.000,4688035.000,4978004.000,4804400.000,5229837.000
GrossProfit,2465585.000,2032541.000,2885064.000,3183636.000,3469758.000,2554664.000,4884768.000,5429847.000,5144488.000,8878680.000,4057194.000,-3468210.000,78470.000,5484534.000,5157635.000,-24451.000,-238524.000,5260046.000,5999759.000,5297819.000,4069060.000
IncomeLossFromContinuingOperationsBeforeIncomeTaxesMinorityInterestAndIncomeLossFromEquityMethodInvestments,1433725.000,1031225.000,1690273.000,390855.000,1090097.000,1903518.000,2289583.000,1328234.000,881146.000,6656702.000,-1871395.000,-11526332.000,-11660455.000,-445195.000,-2069876.000,-3035363.000,-1521057.000,-84087.000,-77722.000,-2385422.000,
IncomeTaxExpenseBenefit,22986.000,3000.000,116000.000,-1714813.000,6502.000,12248.000,-40211.000,-1678539.000,0.000,0.000,57975.000,-46212.000,5306000.000,0.000,0.000,0.000,-117646.000,0.000,0.000,0.000,0.000
IncomeTaxReconciliationChangeInDeferredTaxAssetsValuationAllowance,,,,,,,,,,,,,,,,,-211000.000,,,,
IncomeTaxReconciliationIncomeTaxExpenseBenefitAtFederalStatutoryIncomeTaxRate,,,,,,,,,,,,,,,,,-477000.000,,,,
IncomeTaxReconciliationNondeductibleExpense,,,,,,,,,,,,,,,,,571000.000,,,,
IncomeTaxReconciliationOtherAdjustments,,,,,,,,,,,,,,,,,-646.000,,,,
IncomeTaxesPaid,,,10000.000,,,,,,0.000,,,,,,,,,,,,
IncomeTaxesPaidNet,,,,,,,,,,,,,,,,,-117646.000,,,,0.000
IncreaseDecreaseInAccountsPayable,,,1926954.000,,1771924.000,,,,1192312.000,,,,661617.000,,,,-3770626.000,,,,-1322370.000
IncreaseDecreaseInAccountsPayableRelatedParties,,,606588.000,,,,,,,,,,,,,,,,,,
IncreaseDecreaseInAccountsReceivable,,,-565497.000,,-222270.000,,,,-297587.000,,,,418097.000,,,,-2637258.000,,,,-3934346.000
IncreaseDecreaseInAccountsReceivableRelatedParties,,,798.000,,,,,,,,,,,,,,,,,,
IncreaseDecreaseInCostInExcessOfBillingOnUncompletedContract,,,,,,,,,,,,,-779285.000,,,,0.000,,,,
IncreaseDecreaseInDeferredRevenue,,,,,,,,,,,,,2447730.000,,,,722789.000,,,,0.000
IncreaseDecreaseInDeposits,,,444383.000,,,,,,,,,,,,,,,,,,
IncreaseDecreaseInInventories,,,-549934.000,,-37871.000,,,,-986095.000,,,,-1095357.000,,,,1016556.000,,,,381981.000
IncreaseDecreaseInOtherOperatingAssets,,,,,,,,,,,,,,,,,,,,,253000.000
IncreaseDecreaseInPrepaidExpense,,,27775.000,,-26731.000,,,,728644.000,,,,364309.000,,,,-428958.000,,,,-1273772.000
IncreaseDecreaseInRestrictedCash,,,,,,,,,,,,,,,,,,,,,1952.000
IncreaseInRestrictedCash,,,,,,,,,,,,,,,,,1500000.000,,,,
IncrementalCommonSharesAttributableToCallOptionsAndWarrants,,,,,1631017.000,,,,1225727.000,,,,0.000,0.000,0.000,0.000,0.000,0.000,0.000,0.000,0.000
IncrementalCommonSharesAttributableToConversionOfPreferredStock,,,,,1428923.000,,,,1279342.000,,,,0.000,0.000,0.000,0.000,0.000,0.000,0.000,0.000,0.000
InterestExpense,25177.000,3593.000,44.000,28972.000,106140.000,112999.000,95488.000,108327.000,75811.000,657235.000,947325.000,956319.000,1531180.000,556975.000,763791.000,728780.000,1915492.000,406019.000,399545.000,373900.000,1336487.000
InterestExpenseDebt,,,,,,,,,,,,,,,,,500000.000,,,,
InterestPaid,,,44.000,,76706.000,,,,75811.000,,,,953115.000,,,,474573.000,,,,260352.000
InventoryWriteDown,,,,,,,,,,,,,0.000,,,,,,,,
InvestmentIncomeInterest,,,,949.000,,,,,,,,,,,,,476.000,,1490.000,,1952.000
IssuanceOfStockAndWarrantsForServicesOrClaims,,,,,,,,,,,,,,,,,244000.000,,,,0.000
LiabilitiesFairValueAdjustment,,,,,,1850000.000,,,,,,,,,,,,,,,
NetCashProvidedByUsedInFinancingActivities,,,34187.000,,-2723735.000,,,,-293965.000,,,,487682.000,,,,-8419572.000,,,,-1556522.000
NetCashProvidedByUsedInFinancingActivitiesContinuingOperations,,,34187.000,,-2723735.000,,,,-293965.000,,,,487682.000,,,,-8419572.000,,,,-1556522.000
NetCashProvidedByUsedInInvestingActivities,,,-61610.000,,93207.000,,,,-780616.000,,,,-308159.000,,,,16299652.000,,,,-1361020.000
NetCashProvidedByUsedInInvestingActivitiesContinuingOperations,,,-61610.000,,93207.000,,,,-780616.000,,,,-308159.000,,,,16299652.000,,,,-1361020.000
NetCashProvidedByUsedInOperatingActivities,,,3648694.000,,3139419.000,,,,3412397.000,,,,-2515758.000,,,,-6863049.000,,,,1222703.000
NetCashProvidedByUsedInOperatingActivitiesContinuingOperations,,,3648694.000,,3139419.000,,,,3412397.000,,,,-2515758.000,,,,-6863049.000,,,,1222703.000
NetIncomeLoss,1410739.000,1028225.000,1574273.000,2105668.000,1083595.000,1891270.000,2329794.000,2574811.000,862165.000,7001082.000,-1929370.000,-11480120.000,-16966455.000,,-2069876.000,,-1403411.000,-42660.000,-107956.000,-2398794.000,-3196407.000
NetIncomeLossAttributableToNoncontrollingInterest,,,,,,,,,18981.000,-344380.000,0.000,0.000,0.000,0.000,0.000,0.000,,-41427.000,30234.000,,8607.000
NetIncomeLossAvailableToCommonStockholdersBasic,,,,,1083595.000,,,,862165.000,,,,-16966455.000,-445195.000,-2972571.000,-3718479.000,-2163774.000,-6331864.000,-1047564.000,-5994193.000,-4047244.000
NetIncomeLossAvailableToCommonStockholdersDiluted,,,,,,,,,,,,,,-445195.000,-2972571.000,,-2163774.000,,,,
NonoperatingIncomeExpense,-25177.000,-3593.000,-44.000,-28023.000,-121577.000,-105401.000,-99437.000,-113356.000,-75441.000,5812957.000,-744710.000,-358064.000,-4251650.000,1272835.000,429044.000,-568077.000,5856414.000,924080.000,508302.000,-1244570.000,-426963.000
OperatingIncomeLoss,1458902.000,1034818.000,1690317.000,418878.000,1211674.000,2008919.000,2389020.000,1441590.000,956587.000,843745.000,-1126685.000,-11168268.000,-7408805.000,-1718030.000,-2498920.000,-2467286.000,-7377471.000,-1008167.000,-586024.000,-1140852.000,-2760837.000
OperatingLeasesRentExpenseNet,,,,,13328.000,,,,13328.000,,,,,,,,,,,,13328.000
OtherExpenses,,,,,40726.000,,3949.000,,,,,,,,,,,,,,
OtherIncome,,,,,25289.000,7598.000,,,,,,,,,,,,,,,
OtherNonoperatingExpense,,,,,,,,,0.000,10866.000,0.000,0.000,70478.000,-12818.000,20657.000,,,,,,
OtherNonoperatingIncome,,,,,,,,,370.000,7.000,109980.000,223255.000,8.000,10.000,11.000,,,,,,
OtherNonoperatingIncomeExpense,,,,,,,,,,,,,,,,,,2486.000,,,
OtherPreferredStockDividendsAndAdjustments,,,,,,,,,,,,,,,55056.000,,,,0.000,,
PaidInKindInterest,,,,,,,,,,,,,577440.000,,,,0.000,,,,
PaymentsForProceedsFromBusinessesAndInterestInAffiliates,,,,,34122.000,,,,0.000,,,,,,,,,,,,
PaymentsForProceedsFromPreviousAcquisition,,,,,,,,,0.000,,,,,,,,,,,,
PaymentsOfDebtIssuanceCosts,,,,,,,,,,,,,,,,,,,,,1656350.000
PaymentsOfStockIssuanceCosts,,,,,,,,,3500.000,,,,0.000,,,,,,,,
PaymentsToAcquireBusinessesGross,,,,,,,,,,,,,,,,,,,,,320700.000
PaymentsToAcquireIntangibleAssets,,,59519.000,,,,,,,,,,,,,,,,,,
PaymentsToAcquirePropertyPlantAndEquipment,,,2091.000,,548229.000,,,,780616.000,,,,312659.000,,,,1216916.000,,,,1100962.000
ProceedsFromDivestitureOfBusinessesAndInterestsInAffiliates,,,,,,,,,,,,,,,,,29788114.000,,,,0.000
ProceedsFromIssuanceOrSaleOfEquity,,,,,,,,,,,,,,,,,4000000.000,,,,0.000
ProceedsFromLinesOfCredit,,,,,-2250000.000,,,,,,,,1437500.000,,,,20720000.000,,,,
ProceedsFromNotesPayable,,,,,,,,,351921.000,,,,0.000,,,,5366584.000,,,,12160194.000
ProceedsFromRepaymentsOfLinesOfCredit,,,,,,,,,0.000,,,,,,,,,,,,-1818744.000
ProceedsFromRepaymentsOfNotesPayable,,,,,,,,,,,,,-500000.000,,,,0.000,,,,
ProceedsFromSaleOfProductiveAssets,,,,,,,,,,,,,4500.000,,,,20900.000,,,,62594.000
ProceedsFromWarrantExercises,,,34187.000,,,,,,24000.000,,,,,,,,,,,,
ProfitLoss,,,,,,,,,881146.000,6656702.000,-1929370.000,-11480120.000,-16966455.000,-445195.000,-2069876.000,-3035363.000,-1403411.000,-84087.000,-77722.000,-2385422.000,-3187800.000
ProvisionForDoubtfulAccounts,,,,,,,,,,,,,2650000.000,0.000,,,0.000,,,,
ReductionOfShortTermCapitalLeaseObligations,,,,,,,,,,2345363.000,2549418.000,,2703989.000,2703989.000,,,,,,,
RelatedPartyTransactionPurchasesFromRelatedParty,,,,,0.000,,,,,,,,,,,,,,,,
RepaymentsOfLinesOfCredit,,,,,,,,,,,,,,,,,21913664.000,,,,
RepaymentsOfNotesPayable,,,,,473735.000,,,,666386.000,,,,449818.000,,,,16592492.000,,,,10241622.000
Revenues,27790860.000,30301326.000,34827939.000,36195570.000,33254801.000,35111402.000,46830647.000,46770402.000,47349658.000,72079622.000,76903516.000,62572071.000,37684339.000,49119711.000,39262584.000,20875827.000,14132604.000,24428444.000,28461930.000,31055936.000,34770614.000
SalesRevenueNet,27790860.000,30301326.000,34827939.000,36195570.000,33254801.000,35111402.000,46830647.000,46770402.000,47349658.000,72079622.000,76903516.000,62572071.000,37684339.000,49119711.000,39262584.000,20875827.000,14132604.000,24428444.000,28461930.000,31055936.000,34770614.000
SellingGeneralAndAdministrativeExpense,1006683.000,997723.000,1194747.000,2764758.000,2258084.000,,2495748.000,,4187901.000,8034935.000,7060631.000,5823306.000,7487275.000,7202564.000,7656555.000,2442835.000,7138947.000,6268213.000,6585783.000,6438671.000,6829897.000
ShareBasedCompensation,,,44441.000,,48054.000,,,,51224.000,,,,88214.000,,,,124599.000,,,,148736.000
ShareBasedCompensationArrangementByShareBasedPaymentAwardEquityInstrumentsOtherThanOptionsForfeituresWeightedAverageGrantDateFairValue,,,,,-0.100,,,,10.000,,,,,,,,,,,,
ShareBasedCompensationArrangementByShareBasedPaymentAwardEquityInstrumentsOtherThanOptionsVestedInPeriod,,,,,935254.000,,,,0.000,,,,,,,,,,,,
ShareBasedCompensationArrangementByShareBasedPaymentAwardEquityInstrumentsOtherThanOptionsVestedInPeriodTotalFairValue,,,,,95781.000,,,,0.000,,,,,,,,,,,,
ShareBasedCompensationArrangementByShareBasedPaymentAwardEquityInstrumentsOtherThanOptionsVestedInPeriodWeightedAverageGrantDateFairValue,,,,,15.080,,,,0.000,,,,,,,,,,,,
ShareBasedCompensationArrangementByShareBasedPaymentAwardNonOptionEquityInstrumentsExercised,,,,,-175000.000,,,,,,,,,,,,,,,,
ShareBasedCompensationArrangementByShareBasedPaymentAwardNonOptionEquityInstrumentsForfeituresAndExpirations,,,,,-40554.000,,,,833.000,,,,,,,,,,,,
ShareBasedCompensationArrangementByShareBasedPaymentAwardOptionsExercisesInPeriodTotalIntrinsicValue,,,,,-23149.000,,,,15589.000,,,,,,,,,,,,
ShareBasedCompensationArrangementByShareBasedPaymentAwardOptionsForfeituresAndExpirationsInPeriod,,,,,,,,,18750.000,,,,,,,,,,,,
ShareBasedCompensationArrangementByShareBasedPaymentAwardOptionsForfeituresAndExpirationsInPeriodWeightedAverageExercisePrice,,,,,,,,,2.100,,,,,,,,,,,,
ShareBasedCompensationArrangementByShareBasedPaymentAwardOptionsVestedInPeriodFairValue,,,,,692822.000,,,,,,,,,,,,,,,,
ShareBasedCompensationArrangementsByShareBasedPaymentAwardOptionsExercisesInPeriodWeightedAverageExercisePrice,,,,,-1.130,,,,1.410,,,,,,,,,,,,
SharebasedCompensationArrangementBySharebasedPaymentAwardOptionsVestedInPeriodFairValue1,,,,,,,,,646768.000,,,,,,,,,,,,
StockIssuedDuringPeriodSharesStockOptionsExercised,,,,,-35000.000,,,,26250.000,,,,,,,,,,,,
TemporaryEquityAccretionToRedemptionValueAdjustment,,,,,,,,,,,,,,,444899.000,,386658.000,471877.000,435134.000,468709.000,433201.000
TemporaryEquityDividendsAdjustment,,,,,,,,,,,,,,,402740.000,,373705.000,5817327.000,504474.000,3126690.000,417636.000
ValuationAllowanceDeferredTaxAssetChangeInAmount,,,,,370000.000,,,,136000.000,,,,,,,,,,,,
WeightedAverageNumberOfDilutedSharesOutstanding,13937618.000,15851393.000,15473017.000,16484023.000,20139182.000,19887288.000,19997257.000,-39840898.000,23738018.000,24847456.000,25151660.000,-49929354.000,28118396.000,28130575.000,28198701.000,-56266576.000,29304722.000,29765702.000,30576485.000,-59126089.000,32953812.000
WeightedAverageNumberOfSharesOutstandingBasic,8535111.000,9187227.000,9434094.000,12255372.000,17079242.000,17409034.000,17715786.000,-34373868.000,21232949.000,22826102.000,25151660.000,-45402931.000,28118396.000,28130575.000,28198701.000,-56266576.000,29304722.000,29765702.000,30576485.000,-59126089.000,32953812.000
