,2011-06-30,2011-09-30,2012-03-31,2012-06-30,2012-09-30,2012-12-31,2013-03-31,2013-06-30,2013-09-30,2013-12-31,2014-03-31,2014-06-30,2014-09-30,2014-12-31,2015-03-31,2015-06-30,2015-09-30
AmortizationOfDebtDiscountPremium,,,19000.000,,,,14000.000,,,,92000.000,,,,208000.000,,
AntidilutiveSecuritiesExcludedFromComputationOfEarningsPerShareAmount,,,,,,,,,,,,,,,13538690.000,15126362.000,14534356.000
CashAndCashEquivalentsPeriodIncreaseDecrease,,,3398000.000,,,,-3919000.000,,,,-8707000.000,,,,-2775000.000,,
ComprehensiveIncomeNetOfTax,-75000.000,-9750000.000,-11289000.000,-7937000.000,-5206000.000,-4834000.000,-11196000.000,-8434000.000,-6186000.000,-1964000.000,-5661000.000,-3021000.000,-783000.000,-2388000.000,-7255000.000,-8431000.000,-11643000.000
ConcentrationRiskPercentage1,,,,,,,0.860,,,,,,,,,,
CostOfGoodsSold,282000.000,260000.000,538000.000,416000.000,493000.000,705000.000,708000.000,563000.000,720000.000,697000.000,785000.000,975000.000,1393000.000,1553000.000,2096000.000,1423000.000,784000.000
CostsAndExpenses,19447000.000,17709000.000,20236000.000,19419000.000,15768000.000,18112000.000,20503000.000,17186000.000,17332000.000,16104000.000,17143000.000,19996000.000,20135000.000,25684000.000,25066000.000,32278000.000,33221000.000
DebtInstrumentIncreaseAccruedInterest,,,,,,,,,,,1905000.000,,,,1276000.000,,
DebtInstrumentIncreaseDecreaseOtherNet,,,,,,,49000.000,,,,50000.000,,,,49000.000,,
DebtInstrumentPeriodicPaymentInterest,,,,,,,1176000.000,,,,629000.000,,,,1258000.000,,
DebtInstrumentPeriodicPaymentPrincipal,,,,,,,,,,,,,,,0.000,,
Depreciation,,,,265000.000,246000.000,,213000.000,204000.000,224000.000,218000.000,211000.000,211000.000,219000.000,227000.000,228000.000,251000.000,266000.000
DepreciationAndAmortization,,,313000.000,,,,214000.000,,,,211000.000,,,,228000.000,,
DirectOperatingCostRoyaltyExpense,,,,,,,,,,,,,342000.000,,1687000.000,2192000.000,2780000.000
EarningsPerShareBasicAndDiluted,0.000,-0.100,-0.110,-0.080,-0.050,-0.060,-0.110,-0.080,-0.060,-0.010,-0.050,-0.020,-0.010,-0.010,-0.050,-0.060,-0.080
EmployeeStockOwnershipPlanESOPCompensationExpense,,,,1177000.000,748000.000,,1944000.000,884000.000,1524000.000,1089000.000,1240000.000,2011000.000,2042000.000,1990000.000,2834000.000,4892000.000,5869000.000
IncreaseDecreaseInAccountsPayableAndAccruedLiabilities,,,-3612000.000,,,,-894000.000,,,,-2675000.000,,,,-1843000.000,,
IncreaseDecreaseInAccountsReceivable,,,-240000.000,,,,55000.000,,,,-1431000.000,,,,-2766000.000,,
IncreaseDecreaseInDeferredRevenue,,,-1159000.000,,,,-188000.000,,,,-196000.000,,,,-178000.000,,
IncreaseDecreaseInInventories,,,-32000.000,,,,-1034000.000,,,,-133000.000,,,,1361000.000,,
IncreaseDecreaseInOtherCurrentAssets,,,-1208000.000,,,,-103000.000,,,,379000.000,,,,-1619000.000,,
IncreaseDecreaseInOtherDeferredLiability,,,282000.000,,,,-30000.000,,,,-50000.000,,,,-73000.000,,
IncreaseDecreaseInOtherNoncurrentAssets,,,-106000.000,,,,,,,,,,,,,,
IncreaseDecreaseInOtherOperatingLiabilities,,,,,,,-88000.000,,,,127000.000,,,,-49000.000,,
IncreaseDecreaseInRestrictedCash,,,-1266000.000,,,,,,,,,,,,,,
InterestAndOtherIncome,,382000.000,25000.000,,,,,,,,38000.000,73000.000,81000.000,,,,
InterestExpenseDebt,,,,,,,2635000.000,,,,2646000.000,,,,2644000.000,,
InterestPaid,,,2603000.000,,,,1219000.000,,,,2468000.000,,,,2427000.000,,
InvestmentIncomeInterest,68000.000,,,6000.000,5000.000,,,4000.000,,,,,,,,,
LicenseAndMaintenanceRevenue,,,,,,,,,,,,,,,1032000.000,4228000.000,1362000.000
NetCashProvidedByUsedInFinancingActivities,,,-126000.000,,,,879000.000,,,,81518000.000,,,,424000.000,,
NetCashProvidedByUsedInFinancingActivitiesContinuingOperations,,,-126000.000,,,,879000.000,,,,81518000.000,,,,424000.000,,
NetCashProvidedByUsedInInvestingActivities,,,14905000.000,,,,2832000.000,,,,-84610000.000,,,,-238000.000,,
NetCashProvidedByUsedInInvestingActivitiesContinuingOperations,,,14905000.000,,,,2832000.000,,,,-84610000.000,,,,-238000.000,,
NetCashProvidedByUsedInOperatingActivities,,,-11381000.000,,,,-7630000.000,,,,-5615000.000,,,,-2961000.000,,
NetCashProvidedByUsedInOperatingActivitiesContinuingOperations,,,-11381000.000,,,,-7630000.000,,,,-5615000.000,,,,-2961000.000,,
NetIncomeLoss,-76000.000,-9723000.000,-11282000.000,-7939000.000,-5210000.000,-4834000.000,-11193000.000,-8432000.000,-6188000.000,-1964000.000,-5711000.000,-3061000.000,-816000.000,-2290000.000,-7271000.000,-8411000.000,-11701000.000
NetIncomeLossAvailableToCommonStockholdersBasic,,,,,,,,,,,,-3061000.000,-816000.000,,,,
NonoperatingIncomeExpense,-2504000.000,-2146000.000,-2535000.000,-2550000.000,-2543000.000,-2752000.000,-2730000.000,-2582000.000,-2547000.000,-2719000.000,-2685000.000,-2650000.000,-2674000.000,-2634000.000,-2623000.000,-2506000.000,-3209000.000
OperatingIncomeLoss,2428000.000,-7577000.000,-8747000.000,-5389000.000,-2667000.000,-2082000.000,-8463000.000,-5850000.000,-3641000.000,755000.000,-3026000.000,-411000.000,1858000.000,344000.000,-4648000.000,-5905000.000,-8492000.000
OtherComprehensiveIncomeUnrealizedHoldingGainLossOnSecuritiesArisingDuringPeriodNetOfTax,1000.000,-27000.000,-7000.000,2000.000,4000.000,0.000,-3000.000,-2000.000,2000.000,0.000,50000.000,40000.000,33000.000,-98000.000,16000.000,-20000.000,58000.000
PaidInKindInterest,,,1656000.000,,,,1509000.000,,,,162000.000,,,,159000.000,,
PaymentsOfStockIssuanceCosts,,,,,,,,,,,,,,,0.000,,
PaymentsToAcquireInvestments,,,6057000.000,,,,,,,,84531000.000,,,,27195000.000,,
PaymentsToAcquirePropertyPlantAndEquipment,,,3304000.000,,,,168000.000,,,,79000.000,,,,43000.000,,
ProceedsFromIssuanceOfCommonStock,,,,,,,,,,,,,,,0.000,,
ProceedsFromIssuanceOfSharesUnderIncentiveAndShareBasedCompensationPlansIncludingStockOptions,,,3000.000,,,,987000.000,,,,1640000.000,,,,424000.000,,
ProceedsFromSaleMaturityAndCollectionsOfInvestments,,,23000000.000,,,,3000000.000,,,,,,,,27000000.000,,
RepaymentsOfLongTermDebt,,,129000.000,,,,108000.000,,,,116000.000,,,,0.000,,
ResearchAndDevelopmentExpense,10084000.000,8659000.000,7853000.000,8653000.000,6158000.000,7364000.000,8671000.000,6450000.000,8105000.000,6469000.000,6869000.000,8456000.000,8268000.000,12349000.000,10242000.000,14510000.000,15624000.000
RestructuringCharges,,,1440000.000,,,,,,,,,,,,,,
Revenues,21875000.000,10132000.000,11489000.000,14030000.000,13101000.000,16030000.000,12040000.000,11336000.000,13691000.000,16859000.000,14117000.000,19585000.000,21993000.000,26028000.000,20418000.000,26373000.000,24729000.000
RoyaltyRevenue,,,,,,,,,,,,,684000.000,,3373000.000,4385000.000,5560000.000
SalesRevenueGoodsNet,5184000.000,6597000.000,8010000.000,9164000.000,10814000.000,11795000.000,8587000.000,8568000.000,10772000.000,12599000.000,12507000.000,16582000.000,20274000.000,18909000.000,16013000.000,17760000.000,17807000.000
SalesRevenueNet,21875000.000,10132000.000,11489000.000,14030000.000,13101000.000,16030000.000,12040000.000,11336000.000,13691000.000,16859000.000,14117000.000,19585000.000,21993000.000,26028000.000,20418000.000,26373000.000,24729000.000
SellingGeneralAndAdministrativeExpense,9081000.000,8790000.000,10405000.000,10350000.000,9117000.000,10043000.000,11124000.000,10173000.000,8507000.000,8938000.000,9489000.000,10565000.000,10132000.000,10233000.000,11041000.000,14153000.000,14033000.000
ShareBasedCompensation,,,851000.000,,,,1944000.000,,,,1240000.000,,,,2834000.000,,
ValuationAllowancesAndReservesAdjustments,,,,,,,,,,,-32000.000,,,,,,
WeightedAverageNumberOfShareOutstandingBasicAndDiluted,,,,98820699000.000,99069928000.000,,99644227.000,104977247.000,109731276.000,-205813137.000,124618519.000,135873613.000,136282842.000,-263407011.000,136837152.000,144703202.000,146793249.000
