,2011-09-30,2011-12-31,2012-03-31,2012-06-30,2012-09-30,2012-12-31,2013-03-31,2013-06-30,2013-09-30,2013-12-31,2014-03-31,2014-06-30,2014-09-30,2014-12-31,2015-03-31,2015-06-30,2015-09-30,2015-12-31,2016-03-31,2016-06-30,2016-09-30,2016-12-31,2017-03-31
AccretionAmortizationOfDiscountsAndPremiumsInvestments,,,,,,,,,272.000,,,,0.000,,,,,,,,,,
AmortizationOfDebtDiscountPremium,,,,,,,,,,,,,,,,,80739.000,,,,82266.000,,
AntidilutiveSecuritiesExcludedFromComputationOfEarningsPerShareAmount,,,,,,,,,,,,,,,,,,,,,44479663.000,,
AvailableforsaleSecuritiesGrossUnrealizedGainLoss1,,,,,,,,,,,,,,,,,,,,,577.000,,
CashAndCashEquivalentsPeriodIncreaseDecrease,-3986026.000,,,,29633868.000,,,,-582539.000,,,,5603115.000,,,,20224523.000,,,,865262.000,,
ComprehensiveIncomeNetOfTax,,,,,,,,,,,,,,,,,,-13259073.000,-12689699.000,,-13053347.000,-10028904.000,-3564075.000
ConcentrationRiskPercentage1,,,,,,,1.000,,1.000,,,,,,,,,,,,0.000,,
ContractsRevenue,,11492.000,23996.000,,,,,,,,,,,,,,,,,,,,
DepreciationDepletionAndAmortization,255002.000,,,,27467.000,,,,27242.000,,,,27593.000,,,,10654.000,,,,7630.000,,
DividendsSharebasedCompensationStock,,,,,,,,,,,,,,,,,,,,,,67926.000,52354.000
EarningsPerShareBasic,0.100,-0.080,-0.170,-0.340,-0.150,-0.020,-0.040,0.000,-0.040,-0.030,-0.010,-0.050,0.010,0.030,,,-0.080,-0.080,,,,,
EarningsPerShareBasicAndDiluted,,,,,,,,,,,,,,,-0.070,,,,-0.080,,-0.080,-0.060,-0.020
EarningsPerShareDiluted,,,,,,,,,,,,,0.010,0.030,,,-0.080,-0.080,,,,,
EffectOfExchangeRateOnCashContinuingOperations,,,,,,,,,,,,,101283.000,51700.000,131673.000,,,0.000,,,,,
GeneralAndAdministrativeExpense,1109382.000,1019747.000,1344861.000,1571751.000,1061016.000,1001538.000,1079197.000,1925079.000,1043510.000,980070.000,1212513.000,1724638.000,1114461.000,1423206.000,1133954.000,2006033.000,1199937.000,1356117.000,1409406.000,2213624.000,1209346.000,1306300.000,4773696.000
IncomeLossFromContinuingOperationsBeforeIncomeTaxesDomestic,,,,,,-3429097.000,-4015258.000,,,-3606461.000,-3359557.000,,,,,,,,,,,,
IncomeLossFromContinuingOperationsBeforeIncomeTaxesExtraordinaryItemsNoncontrollingInterest,,-3692935.000,-6020702.000,,,,,,,,,,,2245280.000,-9150538.000,,,-13249684.000,-12696518.000,,,,
IncomeTaxExpenseBenefit,,-1068233.000,,,,-1753208.000,,,,,-1846646.000,,,-531508.000,0.000,,,0.000,0.000,,,,
IncomeTaxReconciliationOtherAdjustments,,,,,,,1753208.000,,,,,,,,,,,,,,,,
IncreaseDecreaseInAccountsPayable,-160702.000,,,,26727.000,,,,652172.000,,,,300081.000,,,,2239604.000,,,,445537.000,,
IncreaseDecreaseInAccountsReceivable,131149.000,,,,-3806.000,,,,,,,,,,,,,,,,,,
IncreaseDecreaseInAccruedLiabilities,-988397.000,,,,-1863919.000,,,,480389.000,,,,427334.000,,,,156062.000,,,,5116857.000,,
IncreaseDecreaseInOtherNoncurrentAssetsAndLiabilitiesNet,,,,,,,,,,,,,,,,,-86957.000,,,,-86184.000,,
IncreaseDecreaseInPrepaidDeferredExpenseAndOtherAssets,-41397.000,,,,296410.000,,,,-80770.000,,,,9285.000,,,,-137095.000,,,,-312160.000,,
InterestExpense,2973.000,1847.000,1830.000,3761.000,2282.000,1360.000,1103.000,3666.000,1851.000,954.000,182.000,3224.000,1730.000,31857.000,311170.000,316940.000,628008.000,629494.000,625832.000,629693.000,623985.000,594535.000,558702.000
InterestPaid,2973.000,,,,2013.000,,,,1851.000,,,,1730.000,,,,460313.000,,,,457800.000,,
InvestmentIncomeInterest,15040.000,7234.000,5955.000,3904.000,14371.000,13016.000,9629.000,5718.000,5319.000,4931.000,4363.000,4310.000,3799.000,6199.000,14696.000,10745.000,15740.000,8234.000,15062.000,11190.000,6645.000,5991.000,6304.000
NetCashProvidedByUsedInFinancingActivities,-10256.000,,,,34367250.000,,,,-31055.000,,,,-122068.000,,,,29640632.000,,,,7464190.000,,
NetCashProvidedByUsedInFinancingActivitiesContinuingOperations,-10256.000,,,,34367250.000,,,,-31055.000,,,,-122068.000,,,,29640632.000,,,,7464190.000,,
NetCashProvidedByUsedInInvestingActivities,,,,,-3930.000,,,,1493761.000,,,,0.000,,,,-17695.000,,,,0.000,,
NetCashProvidedByUsedInInvestingActivitiesContinuingOperations,,,,,-3930.000,,,,1493761.000,,,,0.000,,,,-17695.000,,,,0.000,,
NetCashProvidedByUsedInOperatingActivities,-3975770.000,,,,-4729452.000,,,,-2045245.000,,,,5725183.000,,,,-9398414.000,,,,-6598928.000,,
NetCashProvidedByUsedInOperatingActivitiesContinuingOperations,-3975770.000,,,,-4729452.000,,,,-2045245.000,,,,5725183.000,,,,-9398414.000,,,,-6598928.000,,
NetIncomeLoss,-3354481.000,-2624702.000,-6020702.000,-5253293.000,-10452979.000,-1675889.000,-4015258.000,-4718048.000,-4489182.000,-3606461.000,-1512911.000,-4319740.000,794674.000,2776788.000,-9150538.000,-12086487.000,-12409919.000,-13249684.000,-12696518.000,-13356815.000,-13052770.000,-10029419.000,-3564662.000
NonoperatingIncomeExpense,12067.000,8387.000,5825.000,437691.000,-7052456.000,11656.000,8526.000,2052.000,3468.000,3977.000,4181.000,1086.000,-99214.000,-77358.000,-428147.000,-306195.000,-612268.000,-621260.000,-610770.000,-618503.000,-617340.000,-588544.000,-552398.000
OperatingExpenses,3393765.000,3712814.000,6050523.000,5702015.000,3404329.000,3447308.000,4023784.000,4720100.000,4492650.000,3610438.000,3363738.000,4320826.000,4038427.000,5696777.000,8722391.000,11780292.000,11797651.000,12628424.000,12085748.000,12738312.000,12435430.000,9440875.000,13836012.000
OperatingIncomeLoss,-3366548.000,-3701322.000,-6026527.000,-5690984.000,-3400523.000,-3440753.000,-4023784.000,-4720100.000,-4492650.000,-3610438.000,-3363738.000,-4320826.000,893888.000,2322638.000,-8722391.000,-11780292.000,-11797651.000,-12628424.000,-12085748.000,-12738312.000,-12435430.000,-9440875.000,-3012264.000
PaymentsOfDebtIssuanceCosts,,,,,,,,,,,,,,,,,140964.000,,,,0.000,,
PaymentsRelatedToTaxWithholdingForShareBasedCompensation,,,,,34785.000,,,,25214.000,,,,122068.000,,,,131959.000,,,,0.000,,
PaymentsToAcquireInvestments,,,,,,,,,6239.000,,,,,,,,,,,,,,
PaymentsToAcquirePropertyPlantAndEquipment,,,,,8550.000,,,,,,,,0.000,,,,17695.000,,,,0.000,,
ProceedsFromIssuanceOfCommonStock,,,,,,,,,,,,,,,,,19919883.000,,,,8470897.000,,
ProceedsFromIssuanceOrSaleOfEquity,,,,,34407446.000,,,,,,,,,,,,,,,,,,
ProceedsFromSaleOfPropertyPlantAndEquipment,,,,,4620.000,,,,1500000.000,,,,,,,,,,,,,,
ReductionOfShortTermCapitalLeaseObligations,10256.000,,,,5411.000,,,,,,,,,,,,,,,,,,
RepaymentsOfLongTermCapitalLeaseObligations,,,,,,,,,5841.000,,,,0.000,,,,6328.000,,,,6707.000,,
ResearchAndDevelopmentExpense,2284383.000,2693067.000,4705662.000,4130264.000,2343313.000,2445770.000,2944587.000,2795021.000,3449140.000,2630368.000,2151225.000,2596188.000,2923966.000,4273571.000,7588437.000,9774259.000,10597714.000,11272307.000,10676342.000,10524688.000,11226084.000,8134575.000,9062316.000
Revenues,27217.000,11492.000,23996.000,,3806.000,6555.000,,,,,,,4932315.000,8019415.000,0.000,,,0.000,0.000,,0.000,0.000,10823748.000
SalesRevenueNet,27217.000,11492.000,23996.000,,3806.000,6555.000,,,,,,,4932315.000,8019415.000,0.000,,,0.000,0.000,,0.000,0.000,10823748.000
ShareBasedCompensation,210273.000,,,,176103.000,,,,203636.000,,,,252471.000,,,,300394.000,,,,403208.000,,
StockIssuedDuringPeriodValueNewIssues,,,,,21031014.000,,,,,,,,,,,,,,,,,,
UnrealizedGainLossOnInvestments,,,,,,,,,,,,,,,,,,9389.000,6819.000,,-577.000,515.000,587.000
WeightedAverageNumberOfDilutedSharesOutstanding,,,,,,,,,,,,,107946021.000,109815718.000,,,156357755.000,156358586.000,,,,,
WeightedAverageNumberOfShareOutstandingBasicAndDiluted,,,34900591.000,,71669170.000,106424443.000,106424443.000,-186899342.000,106609720.000,106668186.000,106709340.000,-213307770.000,,,134008239.000,,,,156368617.000,,165848269.000,177798511.000,196580519.000
WeightedAverageNumberOfSharesIssuedBasic,,,,,,,,,,,,,106953898.000,109314460.000,,,156357755.000,156358586.000,,,,,
WeightedAverageNumberOfSharesOutstandingBasic,,,,,,,,,,,,,,,,,156357755.000,156358586.000,,,,,
