,2011-08-31,2011-11-30,2012-05-31,2012-08-31,2012-11-30,2013-02-28,2013-05-31,2013-08-31,2013-11-30,2014-02-28,2014-05-31,2014-08-31,2014-11-30,2015-02-28,2015-05-31,2015-08-31,2015-11-30,2016-02-29,2016-05-31,2016-08-31,2016-11-30,2017-02-28,2017-05-31
AdditionsToNoncurrentAssets,,,3368000.000,2392000.000,645000.000,8283000.000,17000000.000,17578000.000,3985000.000,,,,,,,,,,,,,,
AllocatedShareBasedCompensationExpense,,,1602000.000,1527000.000,1395000.000,1531000.000,3419000.000,3464000.000,2448000.000,,,,,,,,,,,,,,
AllocatedShareBasedCompensationExpenseNetOfTax,,,1337000.000,1334000.000,1192000.000,1334000.000,2696000.000,2778000.000,1982000.000,18704000.000,1243000.000,1737000.000,1239000.000,1338000.000,1794000.000,1655000.000,1865000.000,2093000.000,4145000.000,2503000.000,2249000.000,4413000.000,2761000.000
AmortizationOfFinancingCosts,,,,,,,,,,,,,,,291000.000,,,,290000.000,,,,325000.000
AmortizationOfIntangibleAssets,,,,,,,5431000.000,5408000.000,5407000.000,5366000.000,5259000.000,6315000.000,6853000.000,6901000.000,6814000.000,7208000.000,6861000.000,6890000.000,7204000.000,7222000.000,7199000.000,6683000.000,6685000.000
AntidilutiveSecuritiesExcludedFromComputationOfEarningsPerShareAmount,,,625000.000,617000.000,612000.000,-1268000.000,797000.000,603000.000,358000.000,,,,,,,,,,,,,,
AssetImpairmentCharges,,,,,,,12049000.000,,,,9000000.000,,,,3000000.000,,,,7400000.000,,,,36000000.000
BusinessAcquisitionProFormaEarningsPerShareBasic,,,,,,,,,,,,0.690,,,,,,,,,,,
BusinessAcquisitionProFormaEarningsPerShareDiluted,,,,,,,,,,,,0.680,,,,,,,,,,,
BusinessAcquisitionsProFormaNetIncomeLoss,,,,,,,,,,,,19444000.000,,,,,,,,,,,
BusinessAcquisitionsProFormaRevenue,,,,,,,,,,,,333100000.000,,,,,,,,,,,
ComprehensiveIncomeNetOfTax,,,24597000.000,22685000.000,38504000.000,32740000.000,14837000.000,23758000.000,37641000.000,11650000.000,17199000.000,19185000.000,55449000.000,40346000.000,20503000.000,24756000.000,48186000.000,8524000.000,18342000.000,29231000.000,58842000.000,34782000.000,3691000.000
CostOfGoodsSold,165138000.000,205603000.000,179063000.000,170381000.000,226146000.000,194462000.000,184351000.000,196132000.000,233029000.000,186938000.000,192258000.000,186205000.000,254263000.000,212846000.000,202026000.000,221124000.000,262979000.000,223567000.000,195511000.000,205202000.000,250199000.000,210839000.000,203156000.000
CurrentIncomeTaxExpenseBenefit,1044000.000,4222000.000,5901000.000,8487000.000,11705000.000,,3896000.000,9973000.000,10911000.000,,2039000.000,2888000.000,9328000.000,,4014000.000,9708000.000,3842000.000,,3772000.000,7925000.000,4928000.000,,-601000.000
DeferredIncomeTaxExpenseBenefit,1789000.000,1959000.000,-1514000.000,-3713000.000,-5620000.000,,-520000.000,-5071000.000,-1542000.000,,1319000.000,-1025000.000,-3748000.000,,-635000.000,-4277000.000,2414000.000,,-3402000.000,-2571000.000,-2740000.000,,-12174000.000
DeferredIncomeTaxesAndTaxCredits,,,-1804000.000,,,,-509000.000,,,,1321000.000,,,,-954000.000,,,,-3458000.000,,,,-12174000.000
DeferredOtherTaxExpenseBenefit,,,,,,,,,,,,,-850000.000,,,,,,,,,,
DepreciationDepletionAndAmortization,,,9100000.000,8695000.000,8796000.000,8737000.000,8447000.000,8442000.000,8972000.000,8889000.000,8757000.000,9993000.000,10582000.000,10321000.000,10354000.000,10873000.000,10719000.000,10803000.000,10956000.000,11142000.000,11225000.000,11018000.000,10797000.000
DerivativeInstrumentsGainLossReclassifiedFromAccumulatedOCIIntoIncomeEffectivePortionNet,,,,,,,,,,,,,,,,,,,-158000.000,141000.000,522000.000,949000.000,302000.000
DerivativeInstrumentsGainLossRecognizedInOtherComprehensiveIncomeEffectivePortionNet,,,,,,,,,,,,,,,,,,,-1019000.000,1289000.000,2049000.000,-114000.000,-2245000.000
EarningsPerShareBasic,0.750,1.040,0.740,0.720,1.190,0.990,0.450,0.730,1.170,0.340,0.560,0.660,1.950,1.420,0.720,0.860,1.660,0.340,0.690,1.020,2.100,1.300,0.220
EarningsPerShareDiluted,0.740,1.040,0.740,0.720,1.180,0.980,0.450,0.720,1.160,0.330,0.550,0.650,1.920,1.400,0.700,0.840,1.630,0.350,0.680,1.000,2.070,1.290,0.220
EffectiveIncomeTaxRateContinuingOperations,,,,,,,0.190,0.174,0.200,-0.369,0.170,0.090,0.092,-0.243,0.142,0.182,0.118,-0.287,0.019,0.159,0.037,-0.154,
EmployeeServiceShareBasedCompensationTaxBenefitFromCompensationExpense,,,265000.000,193000.000,203000.000,197000.000,723000.000,686000.000,466000.000,3834000.000,127000.000,246000.000,141000.000,147000.000,319000.000,274000.000,396000.000,295000.000,1521000.000,693000.000,706000.000,-524000.000,490000.000
ExcessTaxBenefitFromShareBasedCompensationFinancingActivities,,,265000.000,,,,723000.000,,,,127000.000,,,,319000.000,,,,,,,,
FiniteLivedIntangibleAssetsAmortizationExpense,,,5636000.000,5626000.000,5538000.000,,,,,,,,,,,,,,,,,,
GainLossOnCashFlowHedgeIneffectivenessNet,,,,,,,,,,,,,,,,,,,52000.000,18000.000,493000.000,26000.000,-549000.000
GainLossOnSaleOfPropertyPlantEquipment,,,4000.000,,,,-37000.000,,,,-1000.000,,,,,,,,-20000.000,,,,10000.000
GoodwillAndIntangibleAssetImpairment,,,,,,,12049000.000,,,,9000000.000,,,,3000000.000,,,,7400000.000,,,,36000000.000
GrossProfit,112282000.000,133182000.000,121148000.000,117030000.000,148453000.000,131580000.000,120165000.000,123255000.000,147701000.000,125582000.000,119520000.000,133744000.000,181411000.000,164884000.000,143319000.000,148005000.000,182524000.000,162157000.000,152427000.000,162968000.000,194215000.000,165858000.000,156449000.000
IncomeLossFromContinuingOperationsBeforeIncomeTaxesExtraordinaryItemsNoncontrollingInterest,,,,,,,,,,,,,,,,,,,,,,,-6907000.000
IncomeLossFromContinuingOperationsBeforeIncomeTaxesMinorityInterestAndIncomeLossFromEquityMethodInvestments,26426000.000,39060000.000,27859000.000,27742000.000,43804000.000,36109000.000,17768000.000,28220000.000,46893000.000,14253000.000,19756000.000,20702000.000,60957000.000,45799000.000,23789000.000,29883000.000,53034000.000,13112000.000,19396000.000,33709000.000,59800000.000,36984000.000,
IncomeTaxExpenseBenefit,,,-4387000.000,4774000.000,6085000.000,13376000.000,3376000.000,4902000.000,9369000.000,3239000.000,3358000.000,1863000.000,5580000.000,5249000.000,3379000.000,5431000.000,6256000.000,3524000.000,370000.000,5354000.000,2188000.000,1288000.000,-12775000.000
IncreaseDecreaseInAccountsPayable,,,3066000.000,,,,14275000.000,,,,9233000.000,,,,14820000.000,,,,4819000.000,,,,24713000.000
IncreaseDecreaseInAccruedIncomeTaxesPayable,,,-28000.000,,,,1519000.000,,,,-4193000.000,,,,-4440000.000,,,,2706000.000,,,,-1336000.000
IncreaseDecreaseInAccruedLiabilities,,,-18206000.000,,,,-11389000.000,,,,-23939000.000,,,,-10013000.000,,,,-7021000.000,,,,-20954000.000
IncreaseDecreaseInInventories,,,13742000.000,,,,7510000.000,,,,9195000.000,,,,6219000.000,,,,11160000.000,,,,22903000.000
IncreaseDecreaseInOtherOperatingCapitalNet,,,779000.000,,,,-1748000.000,,,,2987000.000,,,,2942000.000,,,,4934000.000,,,,2725000.000
IncreaseDecreaseInPrepaidDeferredExpenseAndOtherAssets,,,675000.000,,,,3302000.000,,,,-1641000.000,,,,1367000.000,,,,3393000.000,,,,1182000.000
IncreaseDecreaseInReceivables,,,-7187000.000,,,,-13419000.000,,,,4479000.000,,,,-12544000.000,,,,-20524000.000,,,,-22170000.000
IncrementalCommonSharesAttributableToShareBasedPaymentArrangements,,,141000.000,103000.000,195000.000,-257000.000,272000.000,279000.000,435000.000,-607000.000,511000.000,397000.000,410000.000,-862000.000,568000.000,551000.000,505000.000,-1148000.000,374000.000,379000.000,318000.000,-702000.000,169000.000
InterestExpense,3265000.000,2958000.000,3312000.000,3130000.000,3232000.000,3671000.000,2942000.000,2192000.000,2513000.000,2546000.000,3417000.000,3998000.000,4173000.000,3434000.000,2892000.000,2503000.000,2741000.000,2960000.000,3651000.000,3866000.000,3625000.000,3715000.000,3839000.000
NetCashProvidedByUsedInContinuingOperations,,,-966000.000,,,,-712000.000,,,,-40857000.000,,,,2967000.000,,,,-202685000.000,,,,-6579000.000
NetCashProvidedByUsedInFinancingActivities,,,-7363000.000,,,,-30545000.000,,,,-42006000.000,,,,10928000.000,,,,-30011000.000,,,,-35308000.000
NetCashProvidedByUsedInFinancingActivitiesContinuingOperations,,,-7363000.000,,,,-30545000.000,,,,-42006000.000,,,,10928000.000,,,,-30011000.000,,,,-35308000.000
NetCashProvidedByUsedInInvestingActivities,,,-2624000.000,,,,-17000000.000,,,,-1822000.000,,,,-45460000.000,,,,-214410000.000,,,,-13014000.000
NetCashProvidedByUsedInInvestingActivitiesContinuingOperations,,,-2624000.000,,,,-17000000.000,,,,-1822000.000,,,,-45460000.000,,,,-214410000.000,,,,-13014000.000
NetCashProvidedByUsedInOperatingActivities,,,9021000.000,,,,46833000.000,,,,2971000.000,,,,37499000.000,,,,41736000.000,,,,41743000.000
NetCashProvidedByUsedInOperatingActivitiesContinuingOperations,,,9021000.000,,,,46833000.000,,,,2971000.000,,,,37499000.000,,,,41736000.000,,,,41743000.000
NetIncomeLossAvailableToCommonStockholdersBasic,23593000.000,32879000.000,23472000.000,22968000.000,37719000.000,31507000.000,14392000.000,23318000.000,37524000.000,11014000.000,16398000.000,18839000.000,55377000.000,40550000.000,20410000.000,24452000.000,46778000.000,9588000.000,19026000.000,28355000.000,57612000.000,35696000.000,5868000.000
NonoperatingIncomeExpense,-658000.000,190000.000,23000.000,31000.000,-16000.000,48000.000,84000.000,56000.000,13000.000,74000.000,50000.000,97000.000,87000.000,283000.000,138000.000,-46000.000,142000.000,65000.000,149000.000,88000.000,106000.000,71000.000,166000.000
OperatingIncomeLoss,30349000.000,41828000.000,31148000.000,30841000.000,47052000.000,39732000.000,20626000.000,30356000.000,49393000.000,16725000.000,23123000.000,24603000.000,65043000.000,48950000.000,26543000.000,32432000.000,55633000.000,16007000.000,22898000.000,37487000.000,63319000.000,40628000.000,-3234000.000
OtherComprehensiveIncomeLossBeforeReclassificationsBeforeTax,,,,,,,,,,,90000.000,,,,,,,,,,,,
OtherComprehensiveIncomeLossBeforeTaxPortionAttributableToParent,,,1731000.000,-435000.000,1299000.000,1676000.000,731000.000,725000.000,313000.000,963000.000,1170000.000,487000.000,100000.000,-272000.000,148000.000,424000.000,1578000.000,-1375000.000,-861000.000,1148000.000,1527000.000,-1063000.000,-2547000.000
OtherComprehensiveIncomeLossNetOfTaxPortionAttributableToParent,,,1125000.000,-283000.000,785000.000,1233000.000,445000.000,440000.000,117000.000,636000.000,801000.000,346000.000,72000.000,-204000.000,93000.000,304000.000,1408000.000,-1064000.000,-684000.000,876000.000,1230000.000,-914000.000,-2177000.000
OtherComprehensiveIncomeLossTaxPortionAttributableToParent,,,-606000.000,152000.000,-514000.000,,,,,,,,,,,,,,,,,,
OtherComprehensiveIncomeLossTaxPortionAttributableToParent1,,,,,,,286000.000,285000.000,196000.000,327000.000,369000.000,141000.000,28000.000,-68000.000,55000.000,120000.000,170000.000,-311000.000,-177000.000,272000.000,297000.000,-149000.000,-370000.000
OtherTaxExpenseBenefit,,,,,,,,,,,,,,,,,-2440000.000,,,,,,
PaymentsForRepurchaseOfCommonStock,,,37000.000,,,,1311000.000,,,,273598000.000,,,,,,,,,,,,
PaymentsOfFinancingCosts,,,28000.000,,,,157000.000,,,,1000.000,,,,,,,,14000.000,,,,
PaymentsRelatedToTaxWithholdingForShareBasedCompensation,,,,,,,393000.000,,,,4569000.000,,,,,,,,424000.000,,,,
PaymentsToAcquireBusinessesNetOfCashAcquired,,,,,,,,,,,,,,,42750000.000,,,,209258000.000,,,,
PaymentsToAcquireProductiveAssets,,,3368000.000,,,,17000000.000,,,,1822000.000,1866000.000,1205000.000,1628000.000,2717000.000,3229000.000,6472000.000,8185000.000,5154000.000,5061000.000,4774000.000,5630000.000,13027000.000
ProceedsFromCollectionOfNotesReceivable,,,737000.000,,,,,,,,,,,,,,,,,,,,
ProceedsFromIssuanceOfLongTermDebt,,,,,,,11835000.000,,,,,,,,,,,,,,,,
ProceedsFromIssuanceOfSharesUnderIncentiveAndShareBasedCompensationPlansIncludingStockOptions,,,5537000.000,,,,,,,,,,,,,,,,,,,,
ProceedsFromLinesOfCredit,,,59950000.000,,,,28400000.000,,,,337700000.000,,,,121500000.000,,,,100200000.000,,,,131200000.000
ProceedsFromSaleOfPropertyPlantAndEquipment,,,7000.000,,,,,,,,,,,,7000.000,,,,2000.000,,,,13000.000
ProductWarrantyAccrualPayments,,,10226000.000,9352000.000,7496000.000,10053000.000,11566000.000,9003000.000,5770000.000,5823000.000,13415000.000,15202000.000,17257000.000,-98807000.000,16173000.000,13341000.000,14386000.000,16878000.000,16164000.000,13193000.000,12457000.000,14728000.000,13376000.000
ProductWarrantyAccrualWarrantiesIssued,,,6874000.000,7899000.000,11027000.000,9923000.000,7087000.000,9578000.000,6504000.000,5112000.000,13286000.000,18554000.000,20010000.000,5367000.000,13514000.000,13244000.000,17127000.000,13962000.000,14523000.000,13671000.000,14858000.000,14634000.000,12239000.000
ProvisionForDoubtfulAccounts,,,-168000.000,,,,279000.000,,,,118000.000,,,,-46000.000,,,,347000.000,,,,-37000.000
ReclassificationFromAccumulatedOtherComprehensiveIncomeCurrentPeriodBeforeTax,,,,,,,,,,,-1080000.000,,,,,,,,,,,,
RepaymentsOfLinesOfCredit,,,73050000.000,,,,72400000.000,,,,102700000.000,,,,114000000.000,,,,129100000.000,,,,157600000.000
RepaymentsOfLongTermDebt,,,,,,,,,,,1900000.000,,,,1900000.000,,,,3800000.000,,,,5700000.000
Revenues,277420000.000,338785000.000,300211000.000,287411000.000,374599000.000,326042000.000,304516000.000,319387000.000,380730000.000,312520000.000,311778000.000,319949000.000,435674000.000,377730000.000,345345000.000,369129000.000,445503000.000,385724000.000,347938000.000,368170000.000,444414000.000,376697000.000,359605000.000
SalesRevenueNet,277420000.000,338785000.000,300211000.000,287411000.000,374599000.000,326042000.000,304516000.000,319387000.000,380730000.000,312520000.000,311778000.000,319949000.000,435674000.000,377730000.000,345345000.000,369129000.000,445503000.000,385724000.000,347938000.000,368170000.000,444414000.000,376697000.000,359605000.000
SellingGeneralAndAdministrativeExpense,81933000.000,91354000.000,90000000.000,86189000.000,101401000.000,91848000.000,87490000.000,92899000.000,98308000.000,108857000.000,87397000.000,109141000.000,116368000.000,115934000.000,113776000.000,115573000.000,126891000.000,143150000.000,122129000.000,125481000.000,130896000.000,120230000.000,123683000.000
ShareBasedCompensation,,,1602000.000,,,,3378000.000,,,,1295000.000,,,,2061000.000,,,,5614000.000,,,,3191000.000
SharesPaidForTaxWithholdingForShareBasedCompensation,,,,,,,,,,,,0.000,0.000,,0.000,,,,,,,,
StockRepurchasedAndRetiredDuringPeriodShares,,,,,,,,,,,,,,,,,,,,,,,70707000.000
StockRepurchasedAndRetiredDuringPeriodValue,,,,,,,,,,,,,,,,,,,,,,,6788000.000
TaxAdjustmentsSettlementsAndUnusualProvisions,,,,,,,,,,,,,-520000.000,,,,,,,,,,
TreasuryStockAcquiredAverageCostPerShare,,,,,,,,,,,,,,,,,,,,,,,95.990
UnrecognizedTaxBenefitsDecreasesResultingFromPriorPeriodTaxPositions,,,,,,,,,,,,2070000.000,,,,,,,1400000.000,,,,
UnrecognizedTaxBenefitsReductionsResultingFromLapseOfApplicableStatuteOfLimitations,,,,,,,,,,,,,,,,,,,,,,,600000.000
WeightedAverageNumberOfDilutedSharesOutstanding,31731000.000,31666000.000,31840000.000,31846000.000,31970000.000,-63720000.000,32180000.000,32272000.000,32482000.000,-64548000.000,29616000.000,28769000.000,28824000.000,-58174000.000,29088000.000,28986000.000,28634000.000,-57959000.000,28147000.000,28224000.000,27802000.000,-56282000.000,27245000.000
WeightedAverageNumberOfSharesOutstandingBasic,31292000.000,31592000.000,31699000.000,31743000.000,31775000.000,-63463000.000,31908000.000,31993000.000,32047000.000,-63941000.000,29105000.000,28372000.000,28414000.000,-57312000.000,28520000.000,28435000.000,28129000.000,-56811000.000,27773000.000,27845000.000,27484000.000,-55580000.000,27076000.000
