,2011-09-30,2012-03-31,2012-09-30,2013-03-31,2013-06-30,2013-09-30,2014-03-31,2014-06-30,2014-09-30
AdjustmentsToAdditionalPaidInCapitalSharebasedCompensationAndExerciseOfStockOptions,,107695.000,,,,,,,
AdjustmentsToAdditionalPaidInCapitalSharebasedCompensationRequisiteServicePeriodRecognitionValue,,295470.000,,,,,,,
AllocatedShareBasedCompensationExpense,,,,21284.000,,,,,
AmortizationOfFinancingCosts,,,,,,,5169.000,,
AntidilutiveSecuritiesExcludedFromComputationOfEarningsPerShareAmount,,,,31916667.000,,,,,
BusinessCombinationAcquisitionRelatedCosts,,,0.000,,21000.000,0.000,,,
CashAndCashEquivalentsPeriodIncreaseDecrease,,18983.000,,112511.000,,,,,
ComprehensiveIncomeNetOfTax,,,,,,,,8040413.000,-5685061.000
ContractsRevenue,,,0.000,,0.000,0.000,,,
CostOfGoodsAndServicesSold,91643.000,,,,,,,,
CostOfRevenue,,131229.000,164794.000,364309.000,424504.000,264860.000,302549.000,325381.000,351733.000
DebtInstrumentInterestRateDuringPeriod,,,,0.048,,,,,
Depreciation,,45750.000,45750.000,45750.000,,,,,45750.000
DepreciationAndAmortization,45750.000,,,45750.000,46030.000,46583.000,45750.000,45750.000,
DiscontinuedOperationGainLossFromDisposalOfDiscontinuedOperationBeforeIncomeTax,,,,,,,,,0.000
DiscontinuedOperationGainLossOnDisposalOfDiscontinuedOperationNetOfTax,,,2331525.000,,,,,-443183.000,
DiscontinuedOperationProvisionForLossGainOnDisposalBeforeIncomeTax,,,0.000,,,,,,
EarningsPerShareBasicAndDiluted,0.000,0.000,-0.000,-0.000,,,-0.000,,-0.000
FairValueAssumptionsExpectedDividendRate,,,,0.000,,,,,
FairValueAssumptionsExpectedVolatilityRate,,,,1.040,,,,,
FairValueOptionChangesInFairValueGainLoss,,-107695.000,,,,,,,
GainLossOnDispositionOfRealEstateDiscontinuedOperations,,,,,0.000,0.000,,,
GainsLossesOnExtinguishmentOfDebt,,,0.000,,,,,,
GainsLossesOnRestructuringOfDebt,,,,,0.000,0.000,,,
GeneralAndAdministrativeExpense,795836.000,1074894.000,407397.000,384916.000,515661.000,784105.000,865512.000,301319.000,238632.000
GrossProfit,12408.000,15500.000,26157.000,161868.000,225791.000,14905.000,28604.000,172871.000,125248.000
IncomeLossFromContinuingOperationsBeforeIncomeTaxesMinorityInterestAndIncomeLossFromEquityMethodInvestments,-228523.000,,,,,,,,-405061.000
IncomeLossFromContinuingOperationsPerBasicAndDilutedShare,0.000,,,-0.000,-0.000,-0.000,-0.000,0.000,-0.000
IncomeLossFromDiscontinuedOperationsNetOfTax,,,,,,,,,0.000
IncomeTaxReconciliationIncomeTaxExpenseBenefitAtFederalStatutoryIncomeTaxRate,,,,,,,168757.000,,
IncreaseDecreaseInAccountsPayable,,-8269.000,,72291.000,,,132353.000,,
IncreaseDecreaseInAccountsReceivable,,72923.000,,339174.000,,,-24385.000,,
IncreaseDecreaseInAccountsReceivableRelatedParties,,,,,,,-6790.000,,
IncreaseDecreaseInAccruedLiabilities,,,,205661.000,,,276433.000,,
IncreaseDecreaseInDeferredRevenue,,27174.000,,-7500.000,,,,,
IncreaseDecreaseInInventories,,-4500.000,,-34640.000,,,,,
IncreaseDecreaseInOperatingCapital,,,,15342549.000,,,,,
IncreaseDecreaseInOtherAccruedLiabilities,,231842.000,,,,,,,
IncreaseDecreaseInPrepaidExpense,,25705.000,,-7194.000,,,,,
IncrementalCommonSharesAttributableToShareBasedPaymentArrangements,,,,0.000,,,0.000,,
InducedConversionOfConvertibleDebtExpense,,,135958.000,21597.000,,,,,
InterestCostsIncurredCapitalized,,104660.000,,105230.000,,,107456.000,,
InterestIncomeExpenseNonoperatingNet,-107040.000,-113751.000,-115457.000,-150066.000,-118444.000,-111617.000,-114062.000,-118145.000,-118410.000
InterestPaid,,,,0.000,,,,,
NetCashProvidedByUsedInContinuingOperations,,,,,,,44843.000,,
NetCashProvidedByUsedInFinancingActivities,,437973.000,,215000.000,,,65000.000,,
NetCashProvidedByUsedInFinancingActivitiesContinuingOperations,,437973.000,,215000.000,,,65000.000,,
NetCashProvidedByUsedInInvestingActivities,,,,158350.000,,,,,
NetCashProvidedByUsedInInvestingActivitiesContinuingOperations,,,,158350.000,,,,,
NetCashProvidedByUsedInOperatingActivities,,-418990.000,,-260839.000,,,-20157.000,,
NetCashProvidedByUsedInOperatingActivitiesContinuingOperations,,-418990.000,,-260839.000,,,-20157.000,,
NetIncomeLoss,-228523.000,-1391897.000,-986963.000,-517081.000,-840372.000,-1045662.000,-1125047.000,,-405061.000
NonoperatingIncomeExpense,850070.000,-63018.000,-244897.000,-171363.000,-330166.000,-111617.000,-114062.000,-118145.000,-118410.000
OperatingExpenses,1091001.000,1344379.000,768223.000,507586.000,735997.000,948950.000,1035432.000,489456.000,411899.000
OperatingIncomeLoss,-1078593.000,-1328879.000,-742066.000,-345718.000,-510206.000,-934045.000,-1006828.000,-316585.000,-286651.000
OtherComprehensiveIncomeLossNetOfTaxPortionAttributableToParent,,,,,,,,8921000.000,-5280000.000
PaymentsForProceedsFromOtherDeposits,,,,-50000.000,,,,,
PaymentsToAcquireBusinessesNetOfCashAcquired,,,,-158350.000,,,,,
ProceedsFromConvertibleDebt,,,,150000.000,,,,,
ProceedsFromIssuanceOfCommonStock,,,,65000.000,,,65000.000,,
ProceedsFromIssuanceOfLongTermDebt,,437973.000,,0.000,,,,,
ProfessionalFees,92100.000,147485.000,272826.000,76784.000,153142.000,118262.000,124170.000,142387.000,127517.000
ResearchAndDevelopmentExpense,157315.000,76250.000,42250.000,136.000,164.000,0.000,,0.000,
RevenueFromRelatedParties,,,109656.000,127524.000,168480.000,95641.000,,,106918.000
Revenues,104051.000,146729.000,26157.000,526177.000,225791.000,14905.000,331153.000,498252.000,370063.000
SalesRevenueNet,104051.000,146729.000,190951.000,526177.000,650295.000,279765.000,331153.000,498252.000,370063.000
ShareBasedCompensation,,605470.000,,21284.000,,,502127.000,,
ShareBasedCompensationArrangementByShareBasedPaymentAwardOptionsVestedInPeriodFairValue,,,,0.000,,,,,
StockIssued1,,,,99000.000,,,,,
StockIssuedDuringPeriodValueAcquisitions,,,,672500.000,,,,,
StockIssuedDuringPeriodValueIssuedForCash,,,,65000.000,,,65000.000,,
StockIssuedDuringPeriodValueIssuedForServices,,,,75000.000,,,,,
UnrealizedGainLossOnDerivatives,957110.000,50733.000,6518.000,300.000,63.000,0.000,,0.000,0.000
WeightedAverageNumberOfDilutedSharesOutstanding,,383375304.000,,,,,579797908.000,,
WeightedAverageNumberOfShareOutstandingBasicAndDiluted,,,437528245.000,489871669.000,494620984.000,519340666.000,579797908.000,606649882.000,739126430.000
WeightedAverageNumberOfSharesOutstandingBasic,,383375304.000,,,,,579797908.000,,
