,2011-06-30,2011-09-30,2011-12-31,2012-03-31,2012-06-30,2012-09-30,2012-12-31,2013-03-31,2013-06-30,2013-09-30,2013-12-31
AdjustmentForAmortization,905000.000,,,,895000.000,,,,812000.000,,
AdjustmentsToAdditionalPaidInCapitalSharebasedCompensationRequisiteServicePeriodRecognitionValue,637000.000,,,,707000.000,,,,742000.000,,
AmortizationOfIntangibleAssets,,,,,895000.000,898000.000,898000.000,895000.000,812000.000,809000.000,807000.000
AntidilutiveSecuritiesExcludedFromComputationOfEarningsPerShareAmount,,,,,1309564.000,,,,1020500.000,837500.000,487500.000
CashAndCashEquivalentsPeriodIncreaseDecrease,4454000.000,,,,,,,,,,
ComprehensiveIncomeNetOfTax,,,,,-2733000.000,8491000.000,15941000.000,-1845000.000,3066000.000,10477000.000,12973000.000
ComprehensiveIncomeNetOfTaxIncludingPortionAttributableToNoncontrollingInterest,1459000.000,,,,,,,,,,
CostOfGoodsAndServicesSold,187593000.000,204056000.000,213969000.000,195470000.000,187968000.000,202706000.000,222716000.000,191579000.000,181369000.000,194026000.000,203431000.000
DeferredIncomeTaxExpenseBenefit,-1729000.000,,,,-938000.000,,,,,,
Depreciation,16386000.000,,,,17705000.000,,,,15488000.000,,
EarningsPerShareBasic,0.140,0.700,1.050,-0.560,-0.040,0.680,1.690,-0.060,0.370,1.100,1.530
EarningsPerShareDiluted,0.140,0.690,1.040,-0.550,-0.040,0.680,1.680,-0.060,0.370,1.090,1.500
EffectOfExchangeRateOnCashAndCashEquivalents,7000.000,,,,,,,,,,
EffectOfExchangeRateOnCashAndCashEquivalentsContinuingOperations,,,,,-170000.000,,,,76000.000,,
ForeignCurrencyTransactionGainLossBeforeTax,,,,,67000.000,146000.000,27000.000,111000.000,66000.000,-233000.000,380000.000
ForeignCurrencyTransactionGainLossRealized,-9000.000,,,,-55000.000,,,,,,
GeneralAndAdministrativeExpense,24900000.000,26033000.000,26922000.000,27674000.000,24503000.000,24430000.000,24638000.000,23887000.000,23828000.000,24483000.000,22548000.000
GoodwillImpairmentLoss,,,1984000.000,,,,,,,,
GrossProfit,55759000.000,63345000.000,69922000.000,55081000.000,50342000.000,60927000.000,72561000.000,59438000.000,55301000.000,62063000.000,72272000.000
IncomeLossFromContinuingOperationsBeforeIncomeTaxesMinorityInterestAndIncomeLossFromEquityMethodInvestments,2025000.000,12257000.000,15953000.000,-9777000.000,-1006000.000,10727000.000,22099000.000,-1333000.000,5836000.000,12532000.000,21836000.000
IncomeTaxExpenseBenefit,440000.000,4722000.000,5119000.000,-3925000.000,-558000.000,4018000.000,5840000.000,-1038000.000,2236000.000,1902000.000,7009000.000
IncomeTaxesPaidNet,,,,,-335000.000,,,,262000.000,,
IncreaseDecreaseInAccountsPayableAndAccruedLiabilities,-6181000.000,,,,-6314000.000,,,,-6321000.000,,
IncreaseDecreaseInAccountsReceivable,-7889000.000,,,,-8490000.000,,,,-8240000.000,,
IncreaseDecreaseInAccruedIncomeTaxesPayable,4000.000,,,,-18000.000,,,,-8000.000,,
IncreaseDecreaseInInventories,606000.000,,,,2527000.000,,,,7472000.000,,
IncreaseDecreaseInOtherOperatingAssets,-2326000.000,,,,-1963000.000,,,,-1302000.000,,
IncreaseDecreaseInOtherOperatingLiabilities,1137000.000,,,,552000.000,,,,-386000.000,,
IncreaseDecreaseInPrepaidExpense,-835000.000,,,,70000.000,,,,-2389000.000,,
IncrementalCommonSharesAttributableToShareBasedPaymentArrangements,,,,,,35338.000,36746.000,,40834.000,104808.000,207396.000
InterestExpense,1558000.000,1597000.000,1676000.000,1556000.000,1500000.000,1335000.000,1246000.000,1232000.000,1080000.000,444000.000,838000.000
InterestPaid,,,,,1523000.000,,,,1115000.000,,
NetCashProvidedByUsedInContinuingOperations,,,,,2073000.000,,,,-3220000.000,,
NetCashProvidedByUsedInFinancingActivities,-3796000.000,,,,-4687000.000,,,,-17686000.000,,
NetCashProvidedByUsedInFinancingActivitiesContinuingOperations,-3796000.000,,,,-4687000.000,,,,-17686000.000,,
NetCashProvidedByUsedInInvestingActivities,-20120000.000,,,,-15107000.000,,,,-2755000.000,,
NetCashProvidedByUsedInInvestingActivitiesContinuingOperations,-20120000.000,,,,-15107000.000,,,,-2755000.000,,
NetCashProvidedByUsedInOperatingActivities,28363000.000,,,,22037000.000,,,,17145000.000,,
NetCashProvidedByUsedInOperatingActivitiesContinuingOperations,28363000.000,,,,22037000.000,,,,17145000.000,,
NetIncomeLossAvailableToCommonStockholdersBasic,,7535000.000,10834000.000,,-448000.000,6709000.000,16259000.000,-295000.000,3600000.000,10630000.000,14827000.000
OperatingIncomeLoss,3583000.000,13854000.000,17629000.000,-8317000.000,494000.000,12062000.000,23345000.000,-187000.000,6916000.000,12976000.000,22674000.000
OtherComprehensiveIncomeForeignCurrencyTransactionAndTranslationAdjustmentNetOfTaxPeriodIncreaseDecrease,-126000.000,,,,,,,,,,
OtherComprehensiveIncomeForeignCurrencyTransactionAndTranslationAdjustmentNetOfTaxPortionAttributableToParent,,,,,-2285000.000,1782000.000,-318000.000,-1550000.000,-534000.000,-153000.000,-1854000.000
OtherComprehensiveIncomeLossNetOfTaxPortionAttributableToParent,,,,,-2285000.000,1782000.000,-318000.000,,-534000.000,-153000.000,-1854000.000
OtherGeneralExpense,33000.000,158000.000,238000.000,-135000.000,-123000.000,-150000.000,290000.000,272000.000,,,
OtherIncome,,,,,,,,,26000.000,,
OtherOperatingIncomeExpenseNet,,,,,,,,,,-300000.000,67000.000
PaymentsForPreviousAcquisition,,,,,34000.000,,,,,,
PaymentsForRepurchaseOfCommonStock,11504000.000,,,,7926000.000,,,,,,
PaymentsToAcquireBusinessesNetOfCashAcquired,3162000.000,,,,34000.000,,,,37000.000,,
PaymentsToAcquirePropertyPlantAndEquipment,17333000.000,,,,15278000.000,,,,5608000.000,,
ProceedsFromLongTermLinesOfCredit,46920000.000,,,,25757000.000,,,,21807000.000,,
ProceedsFromSaleOfProductiveAssets,375000.000,,,,205000.000,,,,2890000.000,,
ProceedsFromSecuredNotesPayable,5310000.000,,,,,,,,,,
ProfitLoss,1585000.000,,,,,,,,,,
ProvisionForDoubtfulAccounts,525000.000,,,,316000.000,,,,230000.000,,
RepaymentsOfLongTermLinesOfCredit,41345000.000,,,,17836000.000,,,,32279000.000,,
Revenues,243352000.000,267401000.000,283891000.000,250551000.000,238310000.000,263633000.000,295277000.000,251017000.000,236696000.000,256089000.000,275703000.000
SalesRevenueNet,243352000.000,267401000.000,283891000.000,250551000.000,238310000.000,263633000.000,295277000.000,251017000.000,236670000.000,256089000.000,275703000.000
SellingExpense,22602000.000,22660000.000,23149000.000,22354000.000,23799000.000,22292000.000,23939000.000,22835000.000,23450000.000,22480000.000,22770000.000
ShareBasedCompensation,637000.000,,,,707000.000,,,,742000.000,,
StockIssuedDuringPeriodValueStockOptionsExercised,363000.000,,,,,,,,,,
StockRepurchasedAndRetiredDuringPeriodShares,,,,,276000.000,,,,,,
StockRepurchasedAndRetiredDuringPeriodValue,11504000.000,,,,7926000.000,,,,,,
UnrecognizedTaxBenefitsPeriodIncreaseDecrease,,,,,,,,,,-2200000.000,
WeightedAverageNumberOfDilutedSharesOutstanding,11307000.000,10890000.000,10459000.000,-21948000.000,10171728.000,9898701.000,9658610.000,-19892226.000,9677087.000,9784117.000,9899205.000
WeightedAverageNumberOfSharesOutstandingBasic,11045000.000,10761000.000,10332000.000,-21546000.000,10171728.000,9863363.000,9621864.000,-19844555.000,9636253.000,9679309.000,9691809.000
