,2011-03-31,2011-06-30,2011-09-30,2011-12-31,2012-03-31,2012-06-30,2012-09-30,2012-12-31,2013-03-31,2013-06-30,2013-09-30,2013-12-31,2014-03-31,2014-06-30,2014-09-30,2014-12-31,2015-03-31,2015-06-30
AdjustmentsToAdditionalPaidInCapitalReallocationOfMinorityInterest,0.000,,,,0.000,,,,0.000,,,,,,,,,
AdjustmentsToReconcileNetIncomeLossToCashProvidedByUsedInOperatingActivities,34173000.000,,,,42224000.000,,,,13328000.000,,,,24511000.000,,,,22666000.000,
AmortizationOfDebtDiscountPremium,538000.000,,,,,,,,,,,,,,,,,
AssetImpairmentCharges,,,,,0.000,,,,,,,,,,,,,
BusinessAcquisitionProFormaEarningsPerShareBasic,,,,,,,,,,,,,,,,,1.000,
BusinessAcquisitionProFormaEarningsPerShareDiluted,,,,,,,,,,,,,,,,,0.990,
BusinessAcquisitionsProFormaNetIncomeLoss,,,,,,,,,,,,,,,,,57810000.000,
BusinessAcquisitionsProFormaRevenue,,,,,,,,,,,,,,,,,177257000.000,
CashAndCashEquivalentsPeriodIncreaseDecrease,105000.000,,,,379000.000,,,,-13002000.000,,,,-1450000.000,,,,10999000.000,
CommonStockDividendsPerShareDeclared,0.620,0.620,0.620,0.620,0.660,0.660,0.660,,,,,,,,,,,
ComprehensiveIncomeNetOfTax,,,,,,,35201000.000,,52057000.000,29354000.000,24008000.000,58074000.000,45032000.000,20407000.000,27380000.000,64819000.000,52072000.000,35501000.000
ComprehensiveIncomeNetOfTaxIncludingPortionAttributableToNoncontrollingInterest,,,,,,,42621000.000,,62538000.000,35177000.000,28405000.000,68595000.000,53076000.000,24034000.000,32231000.000,76244000.000,61100000.000,41609000.000
ConstructionInProgressExpendituresIncurredButNotYetPaid,,,,,,,,,4054000.000,,,,4961000.000,,,,5276000.000,
DebtInstrumentConvertibleEffectiveInterestRate,,0.058,0.058,,,,,,,,,,,,,,,
DepreciationAndAmortization,34479000.000,34735000.000,36320000.000,39285000.000,40405000.000,41671000.000,43186000.000,40380000.000,42811000.000,43222000.000,44005000.000,42865000.000,44378000.000,45167000.000,46463000.000,45115000.000,47864000.000,48314000.000
DepreciationAndAmortizationDiscontinuedOperations,,,,,,,,,,,,,260000.000,,,,,
DepreciationDepletionAndAmortization,35489000.000,,,,41267000.000,,,,44098000.000,,,,45619000.000,,,,48649000.000,
DiscontinuedOperationGainLossOnDisposalOfDiscontinuedOperationNetOfTax,,,,,,,19667000.000,,40359000.000,4645000.000,,,31306000.000,,,,,
DiscontinuedOperationIncomeLossFromDiscontinuedOperationDuringPhaseOutPeriodNetOfTax,,,,,,,466000.000,,-570000.000,59000.000,,,40000.000,,,,,
DisposalGroupIncludingDiscontinuedOperationInterestExpense,,,,,,,,,,,,,1109000.000,,,,,
DisposalGroupIncludingDiscontinuedOperationOperatingExpense,,,,,,,,,,,,,2261000.000,,,,,
DisposalGroupIncludingDiscontinuedOperationRentalIncome,,,,,,,,,,,,,2015000.000,,,,,
DisposalGroupIncludingDiscontinuedOperationRevenue,,,,,,,,,,,,,2301000.000,,,,,
DisposalGroupNotDiscontinuedOperationGainLossOnDisposal,,,,,,,,,,,,,,,,,40346000.000,
DividendsCommonStock,30575000.000,,,,39027000.000,,,,43460000.000,,,,49246000.000,,,,51750000.000,
EarningsPerShareBasic,0.190,0.210,0.200,0.300,0.320,0.280,0.720,1.400,1.010,0.520,0.440,0.990,0.800,0.390,0.460,1.160,0.990,0.470
EarningsPerShareDiluted,0.190,0.200,0.200,0.300,0.310,0.280,0.710,1.390,0.990,0.510,0.440,0.990,0.790,0.390,0.450,1.150,0.980,0.470
FederalIncomeTaxExpenseBenefitContinuingOperations,,,,,0.000,,,,,,,,,,,,,
GainLossOnSaleOfProperties,,,,,,,,,40359000.000,,,,31306000.000,,,,40346000.000,
GeneralAndAdministrativeExpense,6236000.000,8826000.000,7803000.000,6280000.000,8312000.000,11037000.000,8018000.000,6807000.000,9082000.000,7337000.000,6152000.000,5936000.000,9258000.000,7127000.000,5288000.000,5013000.000,8543000.000,7399000.000
ImpairmentOfLongLivedAssetsToBeDisposedOf,,,,,,,,,,,,,,3842000.000,,,,
IncomeLossFromContinuingOperations,,8195000.000,8508000.000,,15388000.000,,19785000.000,,18760000.000,23111000.000,25038000.000,25077000.000,19196000.000,22469000.000,26244000.000,24542000.000,57358000.000,27431000.000
IncomeLossFromContinuingOperationsAttributableToNoncontrollingEntity,,2311000.000,2250000.000,,3398000.000,,4171000.000,,3777000.000,4584000.000,4586000.000,4524000.000,3429000.000,3994000.000,4650000.000,4322000.000,9945000.000,4719000.000
IncomeLossFromContinuingOperationsIncludingPortionAttributableToNoncontrollingInterest,9363000.000,10506000.000,10758000.000,17037000.000,18786000.000,,23956000.000,,22537000.000,27695000.000,29624000.000,29601000.000,22625000.000,26463000.000,30894000.000,28864000.000,67303000.000,32150000.000
IncomeLossFromContinuingOperationsPerBasicShare,0.190,0.210,0.200,0.300,,,0.390,,0.370,0.440,0.440,0.440,0.340,0.390,0.460,0.420,0.990,0.470
IncomeLossFromContinuingOperationsPerDilutedShare,0.190,0.200,0.200,0.300,,,0.390,,0.360,0.440,0.440,0.440,0.330,0.390,0.450,0.430,0.980,0.470
IncomeLossFromDiscontinuedOperationsNetOfTax,,,,,,,20133000.000,,39789000.000,4704000.000,,,31346000.000,,,,,
IncomeLossFromDiscontinuedOperationsNetOfTaxAttributableToNoncontrollingInterest,,,,,,,3505000.000,,6669000.000,779000.000,,,4751000.000,,,,,
IncomeLossFromDiscontinuedOperationsNetOfTaxAttributableToReportingEntity,,,,,,,16628000.000,,33120000.000,3925000.000,,,26595000.000,,,,,
IncomeLossFromDiscontinuedOperationsNetOfTaxPerBasicShare,,,,,,,0.330,,0.640,0.080,,,0.460,,,,,
IncomeLossFromDiscontinuedOperationsNetOfTaxPerDilutedShare,,,,,,,0.320,,0.630,0.070,,,0.460,,,,,
IncomeTaxExpenseBenefit,,,,,,,,,0.000,,,,0.000,,,,0.000,
IncreaseDecreaseInAccountsPayableAndAccruedLiabilities,-1594000.000,,,,1207000.000,,,,4713000.000,,,,1305000.000,,,,4136000.000,
IncreaseDecreaseInOtherOperatingAssets,864000.000,,,,2220000.000,,,,-3481000.000,,,,-6100000.000,,,,-9035000.000,
IncreaseDecreaseInRestrictedCash,366000.000,,,,,,,,,,,,,,,,,
IncreaseDecreaseInRestrictedCashAndInvestments,,,,,,,,,4615000.000,,,,-3000.000,,,,-116000.000,
IncreaseDecreaseInRestrictedCashForOperatingActivities,1038000.000,,,,1377000.000,,,,2932000.000,,,,2271000.000,,,,1976000.000,
InterestCostsCapitalized,,1426000.000,1362000.000,,,,,,,,,,,,,,,
InterestExpenseDebt,33031000.000,32800000.000,32759000.000,31993000.000,31526000.000,31528000.000,32871000.000,29884000.000,30623000.000,29264000.000,28161000.000,25863000.000,25327000.000,25196000.000,25062000.000,24050000.000,25485000.000,25130000.000
InterestIncomePurchasedReceivables,,,,,0.000,,,,,,,,,,,,,
InterestPaidCapitalized,,,,,1202000.000,,,,1578000.000,,,,2169000.000,,,,989000.000,
LimitedLiabilityCompanyLLCOrLimitedPartnershipLPManagingMemberOrGeneralPartnerOwnershipInterest,,,,,0.010,,,,,,,,,,,,,
LimitedLiabilityCompanyLLCOrLimitedPartnershipLPMembersOrLimitedPartnersOwnershipInterest,,,,,0.821,,,,,,,,,,,,,
MinimumRents,127421000.000,129764000.000,,,,,,,,,,,,,,,,
NetCashProvidedByUsedInFinancingActivities,-14190000.000,,,,-1824000.000,,,,-115837000.000,,,,-149407000.000,,,,-67406000.000,
NetCashProvidedByUsedInFinancingActivitiesContinuingOperations,-14190000.000,,,,-1824000.000,,,,-115837000.000,,,,-149407000.000,,,,-67406000.000,
NetCashProvidedByUsedInInvestingActivities,-29241000.000,,,,-58807000.000,,,,27181000.000,,,,69475000.000,,,,-11564000.000,
NetCashProvidedByUsedInInvestingActivitiesContinuingOperations,-29241000.000,,,,-58807000.000,,,,27181000.000,,,,69475000.000,,,,-11564000.000,
NetCashProvidedByUsedInOperatingActivities,43536000.000,,,,61010000.000,,,,75654000.000,,,,78482000.000,,,,89969000.000,
NetCashProvidedByUsedInOperatingActivitiesContinuingOperations,43536000.000,,,,61010000.000,,,,75654000.000,,,,78482000.000,,,,89969000.000,
NetIncomeLossAttributableToNoncontrollingInterest,2139000.000,2311000.000,2250000.000,3108000.000,3398000.000,2977000.000,7676000.000,14269000.000,10446000.000,5363000.000,4586000.000,10311000.000,8180000.000,3994000.000,4650000.000,11709000.000,9945000.000,4719000.000
NetIncomeLossAvailableToCommonStockholdersBasic,7224000.000,8195000.000,8508000.000,13929000.000,15388000.000,13727000.000,36413000.000,69774000.000,51880000.000,27036000.000,25038000.000,56919000.000,45791000.000,22469000.000,26244000.000,66434000.000,57358000.000,27431000.000
OperatingCostsAndExpenses,58279000.000,53721000.000,55352000.000,57185000.000,61271000.000,58727000.000,59975000.000,55067000.000,62010000.000,59649000.000,58855000.000,57996000.000,66459000.000,60302000.000,62245000.000,60503000.000,67307000.000,61006000.000
OperatingExpenses,132035000.000,130181000.000,133863000.000,136230000.000,141532000.000,145656000.000,144065000.000,132153000.000,144543000.000,139488000.000,137189000.000,132923000.000,145430000.000,141908000.000,140417000.000,135314000.000,149757000.000,
OperatingIncomeLoss,,,,,,103633000.000,108046000.000,,105070000.000,107534000.000,107958000.000,104528000.000,101596000.000,108069000.000,109066000.000,103675000.000,109337000.000,115878000.000
OperatingLeasesIncomeStatementMinimumLeaseRevenue,,,133960000.000,,145194000.000,150026000.000,155335000.000,141378000.000,152143000.000,153762000.000,154100000.000,148989000.000,152354000.000,155022000.000,158535000.000,150249000.000,160880000.000,163112000.000
OtherComprehensiveIncomeLossDerivativesQualifyingAsHedgesNetOfTax,,,,,,,-1468000.000,,212000.000,2778000.000,-1219000.000,1365000.000,-895000.000,-2429000.000,1337000.000,-1899000.000,-6203000.000,9459000.000
OtherComprehensiveIncomeLossNetOfTax,,,,,,,-1468000.000,,212000.000,2778000.000,-1219000.000,1365000.000,-895000.000,-2429000.000,1337000.000,-1899000.000,-6203000.000,9459000.000
OtherComprehensiveIncomeLossNetOfTaxPortionAttributableToNoncontrollingInterest,,,,,,,-256000.000,,35000.000,460000.000,-189000.000,210000.000,-136000.000,-367000.000,201000.000,-284000.000,-917000.000,1389000.000
OtherExpenses,10000.000,99000.000,1629000.000,1487000.000,18000.000,2693000.000,15000.000,15000.000,17000.000,16000.000,16000.000,263000.000,8000.000,274000.000,335000.000,117000.000,377000.000,3385000.000
OtherIncome,,,,,,,,,,,12506000.000,,15560000.000,13170000.000,12754000.000,13907000.000,15447000.000,13542000.000
OtherRealEstateRevenue,53000.000,17000.000,25000.000,59000.000,10000.000,21000.000,32000.000,247000.000,249000.000,215000.000,207000.000,509000.000,141000.000,179000.000,22000.000,22000.000,317000.000,230000.000
PaymentsForCapitalImprovements,21527000.000,,,,34353000.000,,,,27072000.000,,,,24059000.000,,,,23065000.000,
PaymentsForConstructionInProcess,8363000.000,,,,17462000.000,,,,19124000.000,,,,12321000.000,,,,6962000.000,
PaymentsForProceedsFromDepositsOnRealEstateAcquisitions,,,,,,,,,,,,,,,,,-5000000.000,
PaymentsForRepurchaseOfCommonStock,1206000.000,,,,711000.000,,,,241000.000,,,,484000.000,,,,1608000.000,
PaymentsOfDebtIssuanceCosts,359000.000,,,,49000.000,,,,,,,,,,,,97000.000,
PaymentsOfDividends,30575000.000,,,,39027000.000,,,,43460000.000,,,,49246000.000,,,,51895000.000,
PaymentsToAcquireLand,,,,,,,,,28088000.000,,,,,,,,,
PaymentsToAcquireNotesReceivable,-1015000.000,,,,,,,,,,,,,,,,,
PaymentsToAcquireResidentialRealEstate,,,,,,,,,,,,,,,,,123157000.000,
ProceedsFromInsuranceSettlementInvestingActivities,,,,,,,,,,,,,88000.000,,,,41000.000,
ProceedsFromIssuanceOfCommonStock,51495000.000,,,,13951000.000,,,,31693000.000,,,,3181000.000,,,,4014000.000,
ProceedsFromLinesOfCredit,58500000.000,,,,100000000.000,,,,170500000.000,,,,112000000.000,,,,221000000.000,
ProceedsFromRepaymentsOfRestrictedCashFinancingActivities,-1000.000,,,,-356000.000,,,,-227000.000,,,,,,,,,
ProceedsFromSaleOfLandHeldforinvestment,,,,,,,,,,,,,,,,,12997000.000,
ProceedsFromSaleOfRealEstateHeldforinvestment,,,,,,,,,106158000.000,,,,106273000.000,,,,123466000.000,
ProfitLoss,9363000.000,10506000.000,10758000.000,17037000.000,18786000.000,16704000.000,44089000.000,84043000.000,62326000.000,32399000.000,29624000.000,67230000.000,53971000.000,26463000.000,30894000.000,78143000.000,67303000.000,32150000.000
RepaymentsOfLinesOfCredit,72500000.000,,,,37000000.000,,,,164000000.000,,,,126000000.000,,,,198500000.000,
RepaymentsOfSecuredDebt,19544000.000,,,,38632000.000,,,,,,,,,,,,,
Revenues,141398000.000,140687000.000,144621000.000,153267000.000,160318000.000,162360000.000,168021000.000,153649000.000,167080000.000,167183000.000,166813000.000,162524000.000,168055000.000,168371000.000,171311000.000,164178000.000,176644000.000,176884000.000
SalesRevenueNet,141398000.000,140687000.000,144621000.000,153267000.000,160318000.000,162360000.000,168021000.000,153649000.000,167080000.000,167183000.000,154307000.000,162524000.000,152495000.000,155201000.000,158557000.000,150271000.000,161197000.000,163342000.000
SegmentReportingReconcilingItemsRevenue,,17000.000,,,,,,,,,,,,,,,,
SeveranceCosts1,,,,,,,,,,,,,,,1024000.000,,177000.000,
ShareBasedCompensation,1642000.000,,,,3347000.000,,,,4327000.000,,,,5064000.000,,,,3238000.000,
ShareBasedCompensationArrangementByShareBasedPaymentAwardCompensationCost,,,,,2176000.000,,,,,,,,,,,,,
StockIssuedDuringPeriodSharesShareBasedCompensation,,,,,,,,,,,0.000,,,,,,,
StockIssuedDuringPeriodValueConversionOfUnits,0.000,,,,0.000,,,,0.000,,,,0.000,,,,0.000,
StockIssuedDuringPeriodValueNewIssues,51495000.000,,,,13951000.000,,,,,,,,,,,,4014000.000,
StockIssuedDuringPeriodValueShareBasedCompensation,1642000.000,,,,3347000.000,,,,4327000.000,,,,5064000.000,,,,3238000.000,
StockRepurchasedDuringPeriodValue,1206000.000,,,,711000.000,,,,241000.000,,,,484000.000,,,,1608000.000,
TransferToOtherRealEstate,,,,,,,,,96000.000,,,,,,,,,
WeightedAverageNumberOfDilutedSharesOutstanding,38659836.000,40230430.000,42530993.000,-78876177.000,49013024.000,49678745.000,50934153.000,-99243286.000,52325410.000,52921955.000,56943806.000,-107370977.000,57620655.000,57795142.000,57970448.000,-115558357.000,58505744.000,58684728.000
WeightedAverageNumberOfSharesOutstandingBasic,38004185.000,39479163.000,41707655.000,-77330864.000,48334479.000,49026424.000,50255152.000,-97871419.000,51618734.000,52299385.000,56370122.000,-105959727.000,57106853.000,57247851.000,57412623.000,-114451936.000,57872599.000,58048732.000
