,2011-07-03,2011-10-02,2012-04-01,2012-07-01,2012-09-30,2012-12-30,2013-03-31,2013-06-30,2013-09-29,2013-12-29,2014-03-30,2014-06-29,2014-09-28
AllocatedShareBasedCompensationExpense,,,,590000.000,712000.000,,469000.000,507000.000,652000.000,682000.000,681000.000,663000.000,665000.000
AntidilutiveSecuritiesExcludedFromComputationOfEarningsPerShareAmount,,,,,,,0.000,0.000,,,0.000,0.000,0.000
AssetImpairmentCharges,,,,,,,,,1262000.000,,436000.000,244000.000,0.000
CapitalLeaseObligationsIncurred,,,,,,,138000.000,,,,1057000.000,,
CashAndCashEquivalentsPeriodIncreaseDecrease,,,-35000.000,,,,51000.000,,,,739000.000,,
CommonStockDividendsPerShareDeclared,0.050,0.050,0.050,,,,0.000,0.000,0.000,,,,
ComprehensiveIncomeNetOfTax,2116000.000,2204000.000,708000.000,4888000.000,3292000.000,-39405000.000,5094000.000,1926000.000,-23234000.000,23022000.000,-7202000.000,-5750000.000,-6079000.000
CostOfGoodsAndServicesSold,113381000.000,111284000.000,109448000.000,108473000.000,103690000.000,99975000.000,99700000.000,97762000.000,145687000.000,170166000.000,166023000.000,161876000.000,157223000.000
CostOfGoodsSold,97412000.000,97302000.000,98104000.000,97221000.000,92840000.000,90617000.000,90441000.000,88233000.000,125852000.000,148191000.000,,,
CostOfServices,15969000.000,13982000.000,11344000.000,11252000.000,10850000.000,9358000.000,9259000.000,9529000.000,19835000.000,21975000.000,,,
DefinedBenefitPlanAmortizationOfGainsLosses,,,,,,,-6898000.000,-6898000.000,0.000,,,,
DefinedBenefitPlanExpectedReturnOnPlanAssets,,,,,,,5208000.000,5208000.000,5058000.000,,5611000.000,5610000.000,5611000.000
DefinedBenefitPlanInterestCost,,,,,,,4552000.000,4552000.000,4551000.000,,5063000.000,5062000.000,5063000.000
DefinedBenefitPlanNetPeriodicBenefitCost,,,,,,,6242000.000,6242000.000,-507000.000,-11913000.000,-548000.000,-548000.000,-548000.000
DefinedBenefitPlanRecognizedNetGainLossDueToSettlements,453000.000,,983000.000,,,,,,,,,,
DefinedBenefitPlanRecognizedNetGainLossDueToSettlements1,,,,,,,0.000,0.000,0.000,,,,
DepreciationDepletionAndAmortization,,,5822000.000,,,,5066000.000,,,,9196000.000,,
EarningsPerShareBasic,,,,,,,,,-3.920,,-0.830,-0.670,
EarningsPerShareBasicAndDiluted,-0.030,0.290,-0.180,-0.040,-0.090,0.000,-0.070,-0.800,,,,,-0.650
EarningsPerShareDiluted,,,,,,,,,-3.920,,-0.830,-0.670,
EffectOfExchangeRateOnCashAndCashEquivalents,,,-194000.000,,,,211000.000,,,,-70000.000,,
EnvironmentalRemediationExpense,,69000.000,,,,,,,,,,,
GrossProfit,50904000.000,46259000.000,48201000.000,46594000.000,42032000.000,43575000.000,41920000.000,39055000.000,53652000.000,71841000.000,62466000.000,63423000.000,62159000.000
IncomeLossFromContinuingOperationsBeforeIncomeTaxesExtraordinaryItemsNoncontrollingInterest,,,-4807000.000,-938000.000,-2414000.000,-379000.000,-1923000.000,-4403000.000,-22971000.000,16535000.000,-6977000.000,-5524000.000,-5385000.000
IncomeLossFromContinuingOperationsBeforeIncomeTaxesMinorityInterestAndIncomeLossFromEquityMethodInvestments,-1407000.000,14676000.000,,,,,,,,,,,
IncomeTaxExpenseBenefit,-497000.000,6257000.000,305000.000,197000.000,202000.000,-170000.000,127000.000,307000.000,252000.000,-6035000.000,151000.000,273000.000,214000.000
IncreaseDecreaseInAccountsAndOtherReceivables,,,-5722000.000,,,,-4688000.000,,,,-2909000.000,,
IncreaseDecreaseInAccountsPayableAndOtherOperatingLiabilities,,,7829000.000,,,,-780000.000,,,,1077000.000,,
IncreaseDecreaseInInventories,,,2374000.000,,,,437000.000,,,,-633000.000,,
IncreaseDecreaseInOtherOperatingCapitalNet,,,1206000.000,,,,1542000.000,,,,974000.000,,
IncrementalCommonSharesAttributableToShareBasedPaymentArrangements,,,,,,,,,0.000,,0.000,0.000,0.000
InterestExpense,572000.000,630000.000,704000.000,685000.000,670000.000,630000.000,624000.000,530000.000,3713000.000,4994000.000,4988000.000,5127000.000,5365000.000
NetCashProvidedByUsedInFinancingActivities,,,-5588000.000,,,,-721000.000,,,,5508000.000,,
NetCashProvidedByUsedInFinancingActivitiesContinuingOperations,,,-5588000.000,,,,-721000.000,,,,5508000.000,,
NetCashProvidedByUsedInInvestingActivities,,,-705000.000,,,,-4312000.000,,,,-3588000.000,,
NetCashProvidedByUsedInInvestingActivitiesContinuingOperations,,,-705000.000,,,,-4312000.000,,,,-3588000.000,,
NetCashProvidedByUsedInOperatingActivities,,,6452000.000,,,,4873000.000,,,,-1111000.000,,
NetCashProvidedByUsedInOperatingActivitiesContinuingOperations,,,6452000.000,,,,4873000.000,,,,-1111000.000,,
NetIncomeLoss,-910000.000,8419000.000,-5112000.000,-1135000.000,-2616000.000,-209000.000,-2050000.000,-4710000.000,-23223000.000,22570000.000,-7128000.000,-5797000.000,-5599000.000
NonoperatingIncomeExpense,-79000.000,-570000.000,-688000.000,-662000.000,-660000.000,-640000.000,-625000.000,-471000.000,-3706000.000,-4994000.000,-4825000.000,-5124000.000,-5386000.000
NotesIssued1,,,,,,,,,,,0.000,,
OperatingExpenses,52232000.000,31013000.000,52320000.000,46870000.000,43786000.000,43314000.000,43218000.000,42987000.000,72917000.000,50312000.000,64618000.000,63823000.000,62158000.000
OperatingIncomeLoss,-1328000.000,15246000.000,-4119000.000,-276000.000,-1754000.000,261000.000,-1298000.000,-3932000.000,-19265000.000,21529000.000,-2152000.000,-400000.000,1000.000
OtherComprehensiveIncomeAmortizationOfDefinedBenefitPlanNetPriorServiceCostRecognizedInNetPeriodicPensionCostNetOfTax,-740000.000,-15218000.000,,,,,,,,,,,
OtherComprehensiveIncomeDefinedBenefitPlanNetPriorServiceCostsCreditArisingDuringPeriodNetOfTax,,-3059000.000,,,,,,,,,,,
OtherComprehensiveIncomeDefinedBenefitPlansNetUnamortizedGainLossArisingDuringPeriodNetOfTax,,74000.000,-392000.000,,,,0.000,0.000,,,,,
OtherComprehensiveIncomeDefinedBenefitPlansNetUnamortizedGainLossArisingDuringPeriodTax,,48000.000,,,,,,,,,,,
OtherComprehensiveIncomeForeignCurrencyTransactionAndTranslationAdjustmentBeforeTaxPeriodIncreaseDecrease,,,-183000.000,,,,,,,,,,
OtherComprehensiveIncomeForeignCurrencyTransactionAndTranslationAdjustmentNetOfTaxPeriodIncreaseDecrease,-22000.000,-136000.000,,,,,,,,,,,
OtherComprehensiveIncomeForeignCurrencyTransactionAndTranslationGainLossArisingDuringPeriodNetOfTax,,,,,,,246000.000,-262000.000,,,,,
OtherComprehensiveIncomeLossAmortizationPensionAndOtherPostretirementBenefitPlansNetPriorServiceCostRecognizedInNetPeriodicPensionCostTaxEffect,487000.000,10024000.000,,,,,,,,,,,
OtherComprehensiveIncomeLossForeignCurrencyTransactionAndTranslationAdjustmentNetOfTax,,,,250000.000,135000.000,,,,-11000.000,,-74000.000,47000.000,-480000.000
OtherComprehensiveIncomeLossNetOfTax,,,,,,,7144000.000,6636000.000,-11000.000,452000.000,-74000.000,47000.000,-480000.000
OtherComprehensiveIncomeLossNetOfTaxPortionAttributableToParent,,,,,,,7144000.000,,,,-74000.000,,
OtherComprehensiveIncomeLossPensionAndOtherPostretirementBenefitPlansAdjustmentNetOfTax,,,,,,,,,0.000,,,,
OtherComprehensiveIncomeLossPensionAndOtherPostretirementBenefitPlansBenefitPlanImprovementTaxEffect,,-2015000.000,,,,,,,,,,,
OtherComprehensiveIncomeLossTax,,,,,,,,,,,0.000,,
OtherComprehensiveIncomeReclassificationOfDefinedBenefitPlansNetGainLossRecognizedInNetPeriodicBenefitCostNetOfTax,3788000.000,6006000.000,6395000.000,5773000.000,5773000.000,5988000.000,6898000.000,6898000.000,,,,,
OtherComprehensiveIncomeReclassificationOfDefinedBenefitPlansNetGainLossRecognizedInNetPeriodicBenefitCostTax,-2495000.000,-3956000.000,,,,,,,,,,,
OtherNoncashIncomeExpense,,,-1043000.000,,,,-285000.000,,,,-1010000.000,,
OtherNonoperatingIncome,493000.000,60000.000,,,,,,,,,,,
OtherNonoperatingIncomeExpense,,,16000.000,23000.000,10000.000,-10000.000,-1000.000,59000.000,7000.000,0.000,163000.000,3000.000,-21000.000
PaymentsForRepurchaseOfCommonStock,,,11000.000,,,,,,,,,,
PaymentsForRestructuring,,,,,,,565000.000,,,,3828000.000,,
PaymentsOfDividendsCommonStock,,,1470000.000,,,,0.000,,,,,,
PaymentsToAcquirePropertyPlantAndEquipment,,,713000.000,,,,4389000.000,,,,3637000.000,,
PensionAndOtherPostretirementBenefitContributions,,,,,,,6660000.000,,,,6700000.000,,
PensionAndOtherPostretirementBenefitExpense,,,6184000.000,,,,6242000.000,,,,-548000.000,,
ProceedsFromIssuanceOfCommonStock,,,6000.000,,,,,,,,,,
ProceedsFromPaymentsForOtherFinancingActivities,,,,,,,0.000,,,,-146000.000,,
ProceedsFromRepaymentsOfLinesOfCredit,,,-3389000.000,,,,-629000.000,,,,6761000.000,,
ProceedsFromRepaymentsOfShortTermDebt,,,,,,,500000.000,,,,,,
ProceedsFromSaleOfPropertyPlantAndEquipment,,,8000.000,,,,77000.000,,,,49000.000,,
RepaymentsOfLongTermDebtAndCapitalSecurities,,,724000.000,,,,592000.000,,,,1107000.000,,
RestructuringCharges,-251000.000,112000.000,1122000.000,,,,626000.000,193000.000,11055000.000,2586000.000,2806000.000,2960000.000,2992000.000
RestructuringCosts,,,-1653000.000,,,,,,,,,,
RestructuringReservePeriodIncreaseDecrease,,,,,,,601000.000,,,,,,
RestructuringReserveSettledWithCash,,,,,,,540000.000,,,,,,
Revenues,164285000.000,157543000.000,157649000.000,155067000.000,145722000.000,143550000.000,141620000.000,136817000.000,199339000.000,242007000.000,228489000.000,225299000.000,219382000.000
SalesRevenueGoodsNet,140585000.000,135638000.000,138901000.000,135376000.000,127989000.000,126545000.000,125260000.000,120431000.000,173404000.000,200075000.000,,,
SalesRevenueNet,164285000.000,157543000.000,157649000.000,155067000.000,145722000.000,143550000.000,141620000.000,136817000.000,199339000.000,242007000.000,228489000.000,225299000.000,219382000.000
SalesRevenueServicesNet,23700000.000,21905000.000,18748000.000,19691000.000,17733000.000,17005000.000,16360000.000,16386000.000,25935000.000,41932000.000,,,
SellingGeneralAndAdministrativeExpense,52030000.000,51071000.000,50215000.000,45380000.000,43053000.000,42026000.000,42592000.000,42794000.000,54384000.000,43166000.000,58679000.000,57104000.000,55511000.000
WeightedAverageNumberOfDilutedSharesOutstanding,,,,29198000.000,29232000.000,,,,5931000.000,,8590000.000,8615000.000,8621000.000
WeightedAverageNumberOfShareOutstandingBasicAndDiluted,,,,,,,29358000.000,5925000.000,,,,,
WeightedAverageNumberOfSharesOutstandingBasic,,,,29198000.000,29232000.000,,,,5931000.000,,8590000.000,8615000.000,8621000.000
