,2011-09-30,2012-03-31,2012-06-30,2012-09-30,2012-12-31,2013-03-31,2013-06-30,2013-09-30,2013-12-31,2014-03-31,2014-06-30,2014-09-30,2014-12-31,2015-03-31,2015-06-30,2015-09-30,2015-12-31,2016-03-31,2016-06-30,2016-09-30,2016-12-31,2017-03-31
AvailableForSaleSecuritiesChangeInNetUnrealizedHoldingGainLossNetOfTax,,,,,,36358000.000,34038000.000,39891000.000,-61198000.000,54272000.000,59389000.000,54799000.000,-116620000.000,52976000.000,,,,30874000.000,,,,39386000.000
AvailableForSaleSecuritiesIncomeTaxExpenseOnChangeInUnrealizedHoldingGainOrLoss,,,,,,19578000.000,18327000.000,21481000.000,-85818000.000,29224000.000,31979000.000,29508000.000,-118624000.000,28527000.000,,,,16625000.000,,,,21208000.000
BenefitsLossesAndExpenses,67350000.000,53861000.000,52996000.000,49686000.000,58975000.000,56559000.000,58756000.000,57897000.000,62850000.000,62122000.000,60779000.000,61930000.000,62813000.000,65010000.000,60252000.000,55936000.000,65125000.000,59287000.000,65103000.000,78052000.000,73501000.000,74763000.000
CashAndCashEquivalentsPeriodIncreaseDecrease,,-15368000.000,,,,12729000.000,,,,5719000.000,,,,-15719000.000,,,,-25993000.000,,,,-1215000.000
CededCreditRiskClaimsLossAdjustmentExpenseIncurred,,,11333000.000,21338000.000,,22134000.000,19397000.000,26558000.000,,18457000.000,,,,,,,,,,,,
CededCreditRiskPremiumsEarned,,,24472000.000,27110000.000,,27012000.000,29398000.000,30925000.000,,32126000.000,,,,,,,,,,,,
CededPremiumsWritten,,,,,,,,,,,31111000.000,28711000.000,,31379000.000,31196000.000,32822000.000,32941000.000,31263000.000,32073000.000,30996000.000,36834000.000,31308000.000
CommonStockDividendsPerShareCashPaid,0.250,0.250,0.250,0.250,0.250,0.250,0.250,0.250,0.250,0.250,0.250,0.250,0.250,0.250,0.250,0.250,0.250,0.260,0.260,0.260,0.260,0.270
ComprehensiveIncomeNetOfTaxIncludingPortionAttributableToNoncontrollingInterest,,19375000.000,-438000.000,16536000.000,5538000.000,15648000.000,2293000.000,13824000.000,17870000.000,11043000.000,14828000.000,475000.000,5111000.000,6600000.000,5662000.000,-8580000.000,5229000.000,6481000.000,9893000.000,6592000.000,1341000.000,12156000.000
CostmethodInvestmentsRealizedGainLossExcludingOtherThanTemporaryImpairments,-16084000.000,,-5108000.000,9192000.000,,14353000.000,787000.000,1434000.000,7683000.000,4175000.000,8089000.000,1099000.000,2256000.000,3957000.000,-273000.000,2310000.000,445000.000,11072000.000,1375000.000,9576000.000,6948000.000,6294000.000
EarningsPerShareBasicAndDiluted,-0.870,0.780,0.270,0.780,0.320,1.000,0.330,0.520,0.600,0.420,0.620,0.390,0.550,0.420,0.380,0.520,0.230,0.940,0.400,0.270,0.310,0.450
EffectOfExchangeRateOnCashAndCashEquivalents,,204000.000,,,,-186000.000,,,,-501000.000,,,,-779000.000,,,,419000.000,,,,65000.000
EquityMethodInvestmentOtherThanTemporaryImpairment,,,,,,7173000.000,,,,11322000.000,,,,15234000.000,,,,5934000.000,,,,
FairValueMeasurementWithUnobservableInputsReconciliationRecurringBasisAssetGainLossIncludedInEarnings1,,,,,,403000.000,,,,0.000,,,,66000.000,,,,-175000.000,,,,261000.000
FairValueMeasurementWithUnobservableInputsReconciliationRecurringBasisAssetPurchases,,,,,,258000.000,,,,0.000,,,,1002000.000,,,,0.000,,,,1069000.000
FairValueMeasurementWithUnobservableInputsReconciliationRecurringBasisAssetSettlements,,,,,,1870000.000,,,,0.000,,,,0.000,,,,316000.000,,,,5602000.000
FairValueMeasurementWithUnobservableInputsReconciliationRecurringBasisAssetTransfersIntoLevel3,,,,,,,,,,,,,,26000.000,,,,0.000,,,,113000.000
FairValueMeasurementWithUnobservableInputsReconciliationRecurringBasisAssetTransfersOutOfLevel3,,,,,,,,,,0.000,,,,,,,,0.000,,,,608000.000
FeesAndCommissions,1421000.000,1506000.000,1623000.000,1263000.000,1330000.000,1383000.000,1539000.000,1519000.000,1503000.000,1355000.000,1732000.000,1800000.000,1543000.000,1297000.000,1501000.000,1173000.000,1732000.000,1364000.000,,,,
GainLossOnInvestments,,,-5453000.000,8781000.000,,14347000.000,719000.000,1430000.000,7019000.000,4070000.000,,,,,,,,,,,,
GainLossOnSaleOfSecuritiesNet,,,-109000.000,1659000.000,,9244000.000,1554000.000,1090000.000,,1195000.000,2419000.000,2223000.000,,-288000.000,-125000.000,7957000.000,,8309000.000,-1142000.000,3482000.000,,399000.000
ImpairmentOfInvestments,1376000.000,,345000.000,411000.000,,6000.000,68000.000,4000.000,666000.000,105000.000,0.000,441000.000,143000.000,214000.000,893000.000,4396000.000,2197000.000,2060000.000,1095000.000,1844000.000,744000.000,0.000
IncomeLossFromContinuingOperationsBeforeIncomeTaxesExtraordinaryItemsNoncontrollingInterest,,,12186000.000,10628000.000,,10004000.000,8315000.000,11558000.000,7959000.000,7230000.000,,,,,,,,,,,,
IncomeLossFromContinuingOperationsBeforeIncomeTaxesMinorityInterestAndIncomeLossFromEquityMethodInvestments,-20181000.000,16999000.000,5260000.000,17554000.000,6793000.000,22679000.000,7262000.000,11692000.000,13277000.000,9439000.000,14037000.000,8548000.000,12374000.000,9291000.000,8430000.000,11610000.000,4621000.000,21438000.000,8915000.000,5635000.000,7066000.000,10178000.000
IncomeLossFromEquityMethodInvestments,,,-4883000.000,6295000.000,,3713000.000,-1275000.000,-211000.000,5768000.000,3068000.000,5200000.000,-1064000.000,-96000.000,4533000.000,-293000.000,-6301000.000,374000.000,-2179000.000,977000.000,4403000.000,-728000.000,5286000.000
IncomeTaxExpenseBenefit,-7210000.000,5493000.000,1210000.000,5867000.000,2117000.000,7736000.000,2355000.000,3921000.000,4310000.000,3078000.000,4697000.000,2778000.000,4128000.000,3048000.000,2712000.000,3830000.000,1079000.000,7326000.000,2946000.000,1634000.000,2203000.000,3422000.000
InsuranceCommissionsAndFees,,,3137000.000,3550000.000,,4037000.000,5214000.000,5844000.000,,5680000.000,5895000.000,5850000.000,,7614000.000,7430000.000,6668000.000,,9137000.000,9914000.000,11898000.000,,7408000.000
InvestmentIncomeNet,,,2431000.000,2343000.000,,2410000.000,1985000.000,2192000.000,2183000.000,2294000.000,,,,,,,,,,,,
LiabilityForUnpaidClaimsAndClaimsAdjustmentExpenseClaimsPaidCurrentYear1,,,,,,,,,,,,,,,,,,,,,,9508000.000
LiabilityForUnpaidClaimsAndClaimsAdjustmentExpenseClaimsPaidPriorYears1,,,,,,,,,,,,,,,,,,,,,,41814000.000
LiabilityForUnpaidClaimsAndClaimsAdjustmentExpenseIncurredClaims1,,,,,,,,,,,,,,,,,,,,,,48599000.000
NetCashProvidedByUsedInFinancingActivities,,-3749000.000,,,,-3777000.000,,,,-3753000.000,,,,-3776000.000,,,,-3977000.000,,,,-4080000.000
NetCashProvidedByUsedInFinancingActivitiesContinuingOperations,,-3749000.000,,,,-3777000.000,,,,-3753000.000,,,,-3776000.000,,,,-3977000.000,,,,-4080000.000
NetCashProvidedByUsedInInvestingActivities,,-23489000.000,,,,4388000.000,,,,813000.000,,,,-21838000.000,,,,-24408000.000,,,,-3598000.000
NetCashProvidedByUsedInInvestingActivitiesContinuingOperations,,-23489000.000,,,,4388000.000,,,,813000.000,,,,-21838000.000,,,,-24408000.000,,,,-3598000.000
NetCashProvidedByUsedInOperatingActivities,,11666000.000,,,,12304000.000,,,,9160000.000,,,,10674000.000,,,,1973000.000,,,,6398000.000
NetCashProvidedByUsedInOperatingActivitiesContinuingOperations,,11666000.000,,,,12304000.000,,,,9160000.000,,,,10674000.000,,,,1973000.000,,,,6398000.000
NetIncomeLoss,-12971000.000,11506000.000,4050000.000,11687000.000,4676000.000,14943000.000,4907000.000,7771000.000,8967000.000,6361000.000,9340000.000,5770000.000,8246000.000,6243000.000,5718000.000,7780000.000,3542000.000,14112000.000,5969000.000,4001000.000,4863000.000,6756000.000
NetInvestmentIncome,2779000.000,2422000.000,2431000.000,2343000.000,2734000.000,2410000.000,1985000.000,2192000.000,2183000.000,2294000.000,2090000.000,2073000.000,2598000.000,2815000.000,2898000.000,3014000.000,3771000.000,3440000.000,3549000.000,3513000.000,3981000.000,3692000.000
OciBeforeReclassificationsNetOfTaxAttributableToParent,,,,,,,,,,,,,,,,,,,,,,6055000.000
OtherComprehensiveIncomeAvailableForSaleSecuritiesAdjustmentNetOfTaxPeriodIncreaseDecrease,,7665000.000,,,,,,,,,,,,,,,,,,,,
OtherComprehensiveIncomeAvailableforsaleSecuritiesAdjustmentNetOfTaxPortionAttributableToParent,,,,,,,,,,,,,,,,,,,,,,5335000.000
OtherComprehensiveIncomeForeignCurrencyTranslationAdjustmentTaxPortionAttributableToParent,,204000.000,223000.000,-362000.000,-282000.000,186000.000,294000.000,-199000.000,294000.000,501000.000,-371000.000,705000.000,176000.000,779000.000,-106000.000,429000.000,354000.000,-419000.000,-124000.000,145000.000,163000.000,-65000.000
OtherComprehensiveIncomeLossAvailableForSaleSecuritiesAdjustmentNetOfTax,,,-4265000.000,4487000.000,,891000.000,-2320000.000,5854000.000,9197000.000,5183000.000,5117000.000,-4590000.000,-2959000.000,1136000.000,-162000.000,-15931000.000,2041000.000,-8050000.000,3800000.000,2736000.000,,
OtherComprehensiveIncomeLossBeforeReclassificationsNetOfTax,,,,,,,,,,,,,,-157000.000,,,,,,,,
OtherComprehensiveIncomeLossNetOfTax,,,-4488000.000,4849000.000,,705000.000,-2614000.000,6053000.000,8903000.000,4682000.000,5488000.000,-5295000.000,-3135000.000,357000.000,-56000.000,-16360000.000,1687000.000,-7631000.000,,,,
OtherComprehensiveIncomeLossNetOfTaxPeriodIncreaseDecrease,,7869000.000,,,,,,,,,,,,,,,,,,,,
OtherComprehensiveIncomeLossNetOfTaxPortionAttributableToParent,,,,,,,,,,,,,,,,,,,3924000.000,2591000.000,,5400000.000
OtherComprehensiveIncomeLossReclassificationAdjustmentForSaleOfSecuritiesIncludedInNetIncomeNetOfTax,,,370000.000,-1617000.000,,-6912000.000,-1296000.000,-1067000.000,-814000.000,-651000.000,,,,,,,,,,,,
OtherComprehensiveIncomeLossReclassificationAdjustmentFromAOCIForSaleOfSecuritiesNetOfTax,,,,,,,,,,,1877000.000,1118000.000,,-514000.000,-567000.000,2739000.000,-1381000.000,7275000.000,-452000.000,2164000.000,4504000.000,655000.000
OtherComprehensiveIncomeReclassificationAdjustmentForSaleOfSecuritiesIncludedInNetIncomeNetOfTax,,-26000.000,,,,,,,,,,,,,,,,,,,,
OtherComprehensiveIncomeUnrealizedHoldingGainLossOnSecuritiesArisingDuringPeriodNetOfTax,,7639000.000,-4635000.000,6104000.000,1040000.000,7803000.000,-1024000.000,6921000.000,10011000.000,5834000.000,6994000.000,-3472000.000,-1521000.000,622000.000,-729000.000,-13192000.000,660000.000,-775000.000,3348000.000,4900000.000,1145000.000,5990000.000
OtherCostAndExpenseOperating,18713000.000,18957000.000,19257000.000,19209000.000,20007000.000,22026000.000,20413000.000,20930000.000,21992000.000,22833000.000,20497000.000,23237000.000,21481000.000,23364000.000,23221000.000,20724000.000,23264000.000,20664000.000,22437000.000,21225000.000,25136000.000,26164000.000
OtherGeneralExpense,,,3904000.000,4198000.000,,4082000.000,3757000.000,3488000.000,3884000.000,4155000.000,,,,,,,,,,,,
OtherThanTemporaryImpairmentCreditLossesRecognizedInEarningsReductionsSecuritiesSold,,,,,,,,,,,,,,,,,,,1673000.000,1583000.000,,893000.000
OtherThanTemporaryImpairmentLossesInvestmentsAvailableforsaleSecurities,,,-345000.000,411000.000,,6000.000,68000.000,4000.000,664000.000,105000.000,0.000,441000.000,143000.000,214000.000,893000.000,4396000.000,2197000.000,2060000.000,1095000.000,1844000.000,744000.000,0.000
OtherThanTemporaryImpairmentLossesInvestmentsPortionRecognizedInEarningsNet,,,,,,,,,,,,0.000,,,,,,,,,,
PaymentsForLossesAndLossAdjustmentExpense,,,,,,,,,,,,,,,,,,,,,,51322000.000
PaymentsForProceedsFromOtherInvestingActivities,,-3552000.000,,,,16678000.000,,,,2808000.000,,,,244000.000,,,,1154000.000,,,,-14357000.000
PaymentsForProceedsFromShortTermInvestments,,-382000.000,,,,-461000.000,,,,203000.000,,,,,,,,-5000.000,,,,7290000.000
PaymentsOfDividendsCommonStock,,3749000.000,,,,3777000.000,,,,3753000.000,,,,3776000.000,,,,3977000.000,,,,4080000.000
PaymentsToAcquireLimitedPartnershipInterests,,1538000.000,,,,0.000,,,,,,,,,,,,,,,,
PaymentsToAcquireLongtermInvestments,,104714000.000,,,,,,,,,,,,,,,,,,,,
PaymentsToAcquireMarketableSecurities,,,,,,92439000.000,,,,104263000.000,,,,126146000.000,,,,112301000.000,,,,115947000.000
PaymentsToAcquireOtherInvestments,,,,,,,,,,,,,,,,,,134000000.000,62600000.000,,,23531000.000
PaymentsToAcquireShortTermInvestments,,,,,,,,,,,,,,3000.000,,,,,,,,
PolicyholderBenefitsAndClaimsIncurredNet,48637000.000,34904000.000,33739000.000,30477000.000,38968000.000,34533000.000,38343000.000,36967000.000,40858000.000,39289000.000,40282000.000,38693000.000,41332000.000,41646000.000,37031000.000,35212000.000,41861000.000,38623000.000,42666000.000,56827000.000,48365000.000,48599000.000
PremiumsEarnedNet,60429000.000,61551000.000,59655000.000,54853000.000,61402000.000,61098000.000,61775000.000,64448000.000,65422000.000,63842000.000,62905000.000,65947000.000,68933000.000,66446000.000,65449000.000,65445000.000,65995000.000,66909000.000,68726000.000,71235000.000,69141000.000,73974000.000
ProceedsFromSaleMaturityAndCollectionOfLongtermInvestments,,78829000.000,,,,113044000.000,,,,108087000.000,,,,104555000.000,,,,89042000.000,,,,105282000.000
ProfitLoss,,11506000.000,,,,,,,,,,,,,,,,,,,,
RealizedInvestmentGainsLosses,-17460000.000,5381000.000,-5453000.000,8781000.000,302000.000,14347000.000,719000.000,1430000.000,7019000.000,4070000.000,8089000.000,658000.000,2113000.000,3743000.000,-1166000.000,-2086000.000,-1752000.000,9012000.000,280000.000,7732000.000,6204000.000,6294000.000
ReclassificationFromAccumulatedOtherComprehensiveIncomeCurrentPeriodNetOfTax,,,,,,,,,,,,,,-514000.000,,,,,,,,
ReclassificationFromAociCurrentPeriodNetOfTaxAttributableToParent,,,,,,,,,,,,,,,,,,,,,,655000.000
RepaymentsOfShortTermDebt,,0.000,,,,,,,,,,,,,,,,,,,,
Revenues,47169000.000,70860000.000,58256000.000,67240000.000,65768000.000,79238000.000,66018000.000,69589000.000,76127000.000,71561000.000,74816000.000,70478000.000,75187000.000,74301000.000,68682000.000,67546000.000,69746000.000,80725000.000,74018000.000,83687000.000,80567000.000,84941000.000
SalesRevenueNet,61850000.000,63057000.000,61278000.000,56116000.000,62732000.000,62481000.000,63314000.000,65967000.000,66925000.000,65197000.000,64637000.000,67747000.000,70476000.000,67743000.000,66950000.000,66618000.000,67727000.000,68273000.000,70189000.000,72442000.000,70382000.000,74955000.000
SupplementalInformationForPropertyCasualtyInsuranceUnderwritersCurrentYearClaimsAndClaimsAdjustmentExpense,,,,,,,,,,,,,,,,,,,,,,48487000.000
SupplementalInformationForPropertyCasualtyInsuranceUnderwritersPriorYearClaimsAndClaimsAdjustmentExpense,,,,,,,,,,,,,,,,,,,,,,112000.000
TradingSecuritiesUnrealizedHoldingGainLoss,,,-369000.000,456000.000,,210000.000,195000.000,342000.000,,-200000.000,469000.000,-118000.000,,-288000.000,-104000.000,-300000.000,,-301000.000,-133000.000,108000.000,,-284000.000
UnrealizedGainLossOnInvestments,,,1670000.000,5642000.000,,2733000.000,-2980000.000,548000.000,12828000.000,3859000.000,1649000.000,334000.000,11285000.000,1987000.000,-931000.000,9335000.000,4319000.000,874000.000,155000.000,,,
WeightedAverageNumberDilutedSharesOutstandingAdjustment,11.000,16.000,23000.000,21000.000,-14534.000,33000.000,8000.000,3000.000,-26655.000,28000.000,4000.000,2000.000,-22065.000,24000.000,8000.000,3000.000,-23692.000,32000.000,9000.000,0.000,-28892.000,8.000
WeightedAverageNumberOfDilutedSharesOutstanding,14837.000,14842.000,14860000.000,14867000.000,-14873593.000,14911000.000,14918000.000,14921000.000,-29826239.000,14975000.000,14971000.000,14973000.000,-29943106.000,15018000.000,15025000.000,15018000.000,-30039238.000,15076000.000,15084000.000,15084.000,-15091076.000,15104.000
WeightedAverageNumberOfSharesOutstandingBasic,14826.000,14826.000,14837000.000,14846000.000,-14859059.000,14878000.000,14910000.000,14918000.000,-29799584.000,14947000.000,14967000.000,14971000.000,-29921041.000,14994000.000,15017000.000,15015000.000,-30015546.000,15044000.000,15075000.000,15084.000,-15062184.000,15096.000
