,2011-06-30,2011-09-30,2012-03-31,2012-06-30,2012-09-30,2012-12-31,2013-03-31,2013-06-30,2013-09-30,2013-12-31,2014-03-31,2014-06-30,2014-09-30,2014-12-31,2015-03-31,2015-06-30,2015-09-30,2015-12-31,2016-03-31,2016-09-30,2017-03-31
AdjustmentForAmortization,,,408000.000,,,,341000.000,,,,389000.000,,,,381000.000,,,,,,90000.000
AllocatedShareBasedCompensationExpense,,,,,,,55000.000,,,,87000.000,,,,75000.000,76000.000,33000.000,95000.000,59000.000,100000.000,65000.000
AmortizationOfIntangibleAssets,414000.000,417000.000,408000.000,410000.000,409000.000,395000.000,341000.000,340000.000,328000.000,545000.000,389000.000,393000.000,390000.000,386000.000,381000.000,382000.000,123000.000,-431000.000,,0.000,90000.000
AntidilutiveSecuritiesExcludedFromComputationOfEarningsPerShareAmount,,,,450000.000,456759.000,,397000.000,108000.000,128137.000,-285137.000,220555.000,343000.000,458000.000,-667555.000,556989.000,351000.000,351000.000,-976239.000,278500.000,,125222000.000
BusinessCombinationAcquisitionRelatedCosts,0.000,0.000,,,,,,,,,,,,,,,,,,,
BusinessExitCosts1,,,,,,,,,,,,,,,,751000.000,,,,,
CapitalizedComputerSoftwareAdditions,,,,,,,,,,,,,,,,,,,,,-95000.000
CapitalizedComputerSoftwarePeriodIncreaseDecrease,,,,,,,,,,,,,,,,,,,,,79000.000
CashAndCashEquivalentsPeriodIncreaseDecrease,,,510000.000,,,,-798000.000,,,,-634000.000,,,,-1772000.000,,,,-1245000.000,,573000.000
ComprehensiveIncomeNetOfTax,,,,,,,-1863000.000,-1642000.000,-1459000.000,-10723000.000,-3727000.000,-1349000.000,171000.000,-5560000.000,-1344000.000,-584000.000,-992000.000,-282000.000,-291000.000,,204000.000
ComprehensiveIncomeNetOfTaxIncludingPortionAttributableToNoncontrollingInterest,,,-147000.000,-4074000.000,1540000.000,,,,,,,,,,,,,,,,
CostOfGoodsAndServicesSold,,,1314000.000,,,,,,,,,,,,,,,,,,
CostOfGoodsSold,2159000.000,1775000.000,1314000.000,1318000.000,1861000.000,2213000.000,1062000.000,2505000.000,2944000.000,3378000.000,1205000.000,1675000.000,2557000.000,2604000.000,1019000.000,977000.000,941000.000,540000.000,918000.000,814000.000,544000.000
CostOfGoodsSoldAmortization,,,,,,,,,,,,,,,,,,,,,90000.000
CostOfRevenue,,,,,,,1062000.000,,,,1205000.000,1675000.000,2557000.000,2604000.000,1019000.000,977000.000,941000.000,540000.000,918000.000,814000.000,634000.000
CostmethodInvestmentsOtherThanTemporaryImpairment,,,,,,,,,,,,,150000.000,,,,,,,,
DebtInstrumentBasisSpreadOnVariableRate1,,,,,,,,,,,0.028,,,,,,,,,,
Depreciation,,,142000.000,,,,211000.000,,,,153000.000,,,,87000.000,,,,75000.000,,65000.000
DiscontinuedOperationGainLossOnDisposalOfDiscontinuedOperationNetOfTax,,,,,,,,,,,,,,,,,1081000.000,,,,
DiscontinuedOperationIncomeLossFromDiscontinuedOperationNetOfTaxPerDilutedShare,,,,,,,,,,,,,,,,,-0.240,,,,
EarningsPerShareBasic,0.040,-1.810,-0.140,-0.750,0.200,0.000,-0.300,-0.350,-0.390,-2.170,-0.760,-0.310,-0.110,-0.770,-0.230,-0.150,-0.180,-0.060,-0.060,0.090,0.040
EarningsPerShareDiluted,0.040,-1.810,-0.140,-0.750,0.200,0.000,-0.300,-0.350,-0.390,-2.170,-0.760,-0.310,-0.110,-0.770,-0.230,-0.150,-0.180,-0.050,-0.060,0.090,0.040
EffectOfExchangeRateOnCashAndCashEquivalents,,,206000.000,,,,-301000.000,,,,43000.000,,,,-132000.000,,,,-3000.000,,7000.000
GeneralAndAdministrativeExpense,1534000.000,1743000.000,1231000.000,1309000.000,1532000.000,1095000.000,1370000.000,1592000.000,1464000.000,1864000.000,1372000.000,1498000.000,1317000.000,1998000.000,1478000.000,1390000.000,1142000.000,38000.000,,,
GoodwillImpairmentLoss,,11685000.000,,3175000.000,,,,,,,,,,,,,,,,,
GrossProfit,5943000.000,5647000.000,3943000.000,4390000.000,5316000.000,4608000.000,3552000.000,4963000.000,4797000.000,3089000.000,3117000.000,4263000.000,4583000.000,3049000.000,3320000.000,4204000.000,3120000.000,1094000.000,2320000.000,2568000.000,2450000.000
IncomeLossFromContinuingOperations,,,,,,,,,,,,,,,,,,,,496000.000,
IncomeLossFromContinuingOperationsBeforeIncomeTaxesMinorityInterestAndIncomeLossFromEquityMethodInvestments,360000.000,-11904000.000,-886000.000,-3677000.000,857000.000,174000.000,-2947000.000,-2161000.000,-1913000.000,-4943000.000,-3757000.000,-1543000.000,-698000.000,-3879000.000,-1151000.000,-734000.000,279000.000,2007000.000,-290000.000,469000.000,201000.000
IncomeLossFromContinuingOperationsIncludingPortionAttributableToNoncontrollingInterest,,,,,,,,,,,,,,,,,290000.000,,-292000.000,469000.000,
IncomeLossFromContinuingOperationsPerBasicShare,,,,,,,,,,,,,,,,,0.060,,-0.060,0.090,
IncomeLossFromContinuingOperationsPerDilutedShare,,,,,,,,,,,,,,,,,0.060,,-0.060,0.090,
IncomeLossFromDiscontinuedOperationsNetOfTax,,,,,,,,,,,,,,,,,-1215000.000,,,0.000,
IncomeLossFromDiscontinuedOperationsNetOfTaxPerBasicShare,,,,,,,,,,,,,,,,,-0.240,,,0.000,
IncomeLossFromDiscontinuedOperationsNetOfTaxPerDilutedShare,,,,,,,,,,,,,,,,,-0.240,,,0.000,
IncomeTaxExpenseBenefit,150000.000,-3174000.000,-218000.000,-19000.000,-132000.000,189000.000,-1494000.000,-415000.000,22000.000,5824000.000,,-10000.000,-145000.000,,16000.000,8000.000,-11000.000,5000.000,2000.000,0.000,4000.000
IncreaseDecreaseInAccountsPayable,,,-1252000.000,,,,406000.000,,,,-683000.000,,,,-608000.000,,,,-705000.000,,297000.000
IncreaseDecreaseInAccountsPayableAndAccruedLiabilities,,,,,,,,,,,,,,,,,,,,,11000.000
IncreaseDecreaseInAccountsReceivable,,,-2172000.000,,,,-1424000.000,,,,-967000.000,,,,306000.000,,,,-544000.000,,199000.000
IncreaseDecreaseInAccruedIncomeTaxesPayable,,,-37000.000,,,,,,,,,,,,,,,,,,
IncreaseDecreaseInAccruedLiabilities,,,-209000.000,,,,57000.000,,,,-868000.000,,,,-561000.000,,,,-534000.000,,-126000.000
IncreaseDecreaseInInventories,,,-625000.000,,,,-393000.000,,,,-218000.000,,,,-254000.000,,,,-272000.000,,-83000.000
IncreaseDecreaseInPrepaidDeferredExpenseAndOtherAssets,,,-22000.000,,,,1673000.000,,,,-259000.000,,,,-233000.000,,,,36000.000,,-10000.000
IncrementalCommonSharesAttributableToShareBasedPaymentArrangements,,,,,,,,,,,,,,,,,,,,9000.000,
LineOfCreditFacilityInterestRateDuringPeriod,,,,,,,0.045,,,,0.045,,,,,,,,,,
LineOfCreditFacilityMaximumAmountOutstandingDuringPeriod,,,,,,,,,0.000,,0.000,,,,,,,,,,
NetCashProvidedByUsedInFinancingActivities,,,3000.000,,,,,,,,,,,,,,,,,,
NetCashProvidedByUsedInFinancingActivitiesContinuingOperations,,,3000.000,,,,,,,,,,,,,,,,,,
NetCashProvidedByUsedInInvestingActivities,,,-999000.000,,,,-258000.000,,,,2558000.000,,,,-28000.000,,,,-625000.000,,-128000.000
NetCashProvidedByUsedInInvestingActivitiesContinuingOperations,,,-999000.000,,,,-258000.000,,,,2558000.000,,,,-28000.000,,,,-625000.000,,-128000.000
NetCashProvidedByUsedInOperatingActivities,,,1300000.000,,,,-239000.000,,,,-3235000.000,,,,-1612000.000,,,,-617000.000,,694000.000
NetCashProvidedByUsedInOperatingActivitiesContinuingOperations,,,1300000.000,,,,-239000.000,,,,-3235000.000,,,,-1612000.000,,,,-617000.000,,694000.000
NetIncomeLoss,210000.000,-8730000.000,-668000.000,-3658000.000,989000.000,-15000.000,-1453000.000,-1746000.000,-1935000.000,-10767000.000,-3757000.000,-1533000.000,-553000.000,-3860000.000,-1167000.000,-742000.000,-925000.000,-268000.000,-292000.000,469000.000,197000.000
OperatingExpenses,5585000.000,17552000.000,4834000.000,8086000.000,4462000.000,4436000.000,6501000.000,7120000.000,6711000.000,8039000.000,6873000.000,5821000.000,5293000.000,6972000.000,4470000.000,4968000.000,2832000.000,-912000.000,2609000.000,2072000.000,2252000.000
OperatingIncomeLoss,358000.000,-11905000.000,-891000.000,-3696000.000,854000.000,172000.000,-2949000.000,-2157000.000,-1914000.000,-4950000.000,-3756000.000,-1558000.000,-710000.000,-3923000.000,-1150000.000,-764000.000,288000.000,2006000.000,-289000.000,,198000.000
OtherComprehensiveIncomeForeignCurrencyTransactionAndTranslationAdjustmentNetOfTaxPortionAttributableToNoncontrollingInterest,,,,,,,410000.000,-104000.000,-476000.000,-44000.000,-30000.000,,,,177000.000,-158000.000,67000.000,14000.000,-1000.000,,-7000.000
OtherComprehensiveIncomeForeignCurrencyTransactionAndTranslationAdjustmentNetOfTaxPortionAttributableToParent,,,521000.000,-416000.000,551000.000,,,,,,,184000.000,724000.000,,,,,,,-19000.000,
OtherComprehensiveIncomeLossNetOfTaxPortionAttributableToParent,,,,,,,,,,,,,,,,,,,,450000.000,
OtherNonoperatingIncomeExpense,2000.000,1000.000,5000.000,19000.000,3000.000,2000.000,2000.000,-4000.000,1000.000,7000.000,-1000.000,15000.000,12000.000,44000.000,-1000.000,30000.000,-9000.000,1000.000,-1000.000,-27000.000,3000.000
OtherRestructuringCosts,,,,,,,,,,,460000.000,,,,,,,,,,
OtherThanTemporaryImpairmentLossesInvestmentsPortionRecognizedInEarningsNet,,,,,,,,,,,,,150000.000,,,,,,,,
PaymentsForRestructuring,,,,,,,,,,,222000.000,238000.000,,,303000.000,32000.000,,,,33000.000,
PaymentsForSoftware,,,,,,,157000.000,,,,,,,,,,,,,,
PaymentsToAcquireOtherInvestments,,,,,,,300000.000,,,,,,,,,,,,,,
PaymentsToAcquirePropertyPlantAndEquipment,,,281000.000,,,,117000.000,,,,81000.000,,,,28000.000,,,,24000.000,,33000.000
PaymentsToAcquireShortTermInvestments,,,2901000.000,,,,776000.000,,,,,,,,,,,,,,
PaymentsToDevelopSoftware,,,,,,,,,,,,,,,,,,,601000.000,,
ProceedsFromSaleAndMaturityOfAvailableForSaleSecurities,,,,,,,1100000.000,2200000.000,2600000.000,1800000.000,2600000.000,,,,,,,,,,
ProceedsFromSaleOfShortTermInvestments,,,2183000.000,,,,1092000.000,,,,2639000.000,,,,,,,,,,
ProceedsFromStockOptionsExercised,,,3000.000,,,,,,0.000,,,,,,,,,,,,
ProductWarrantyAccrualCurrencyTranslationIncreaseDecrease,,,,,,,,,,,,,,,,,,,,,2000.000
ProductWarrantyAccrualPayments,,,,,,,-137000.000,,,,-81000.000,,,,-118000.000,,,,95000.000,,-60000.000
ProductWarrantyAccrualPreexistingIncreaseDecrease,,,,,,,-12000.000,,,,-121000.000,,,,-24000.000,,,,24000.000,,-51000.000
ProductWarrantyAccrualWarrantiesIssued,,,,,,,48000.000,,,,50000.000,,,,44000.000,,,,71000.000,,10000.000
ResearchAndDevelopmentExpense,999000.000,1091000.000,1270000.000,1017000.000,954000.000,894000.000,1131000.000,1356000.000,1651000.000,898000.000,1816000.000,1423000.000,1297000.000,1198000.000,1077000.000,1123000.000,1029000.000,291000.000,794000.000,636000.000,816000.000
RestructuringAndRelatedCostIncurredCost,,,,,,,,,,,,,,,,,,,126000.000,,
RestructuringCharges,,,76000.000,354000.000,,,,,,,460000.000,,,,119000.000,,,,126000.000,0.000,0.000
RestructuringCosts,,,,,,,,,,,,,,,,,,,126000.000,,
RestructuringReserveSettledWithCash,,,,403000.000,,,,,,,,,,,,,,,,,
Revenues,8102000.000,7422000.000,5257000.000,5708000.000,7177000.000,6821000.000,4614000.000,7468000.000,7741000.000,6467000.000,4322000.000,5938000.000,7140000.000,5653000.000,4339000.000,5181000.000,4061000.000,1634000.000,3238000.000,3382000.000,3084000.000
RoyaltyRevenue,3017000.000,3337000.000,2348000.000,3037000.000,3774000.000,3240000.000,2569000.000,3197000.000,3400000.000,2432000.000,2424000.000,3287000.000,2626000.000,1910000.000,2011000.000,2609000.000,2232000.000,1634000.000,1624000.000,2133000.000,1644000.000
SalesRevenueGoodsNet,5085000.000,4085000.000,2909000.000,2671000.000,3403000.000,3581000.000,2045000.000,4271000.000,4341000.000,4035000.000,1898000.000,2651000.000,4514000.000,3743000.000,2328000.000,2572000.000,1829000.000,0.000,1614000.000,1249000.000,1440000.000
SalesRevenueNet,8102000.000,7422000.000,5257000.000,5708000.000,7177000.000,6821000.000,4614000.000,7468000.000,7741000.000,6467000.000,4322000.000,5938000.000,7140000.000,5653000.000,4339000.000,5181000.000,4061000.000,1634000.000,3238000.000,3382000.000,3084000.000
SellingAndMarketingExpense,2638000.000,2616000.000,1849000.000,1821000.000,1567000.000,2052000.000,2050000.000,2703000.000,2792000.000,4223000.000,2720000.000,2471000.000,2139000.000,2213000.000,1415000.000,1322000.000,538000.000,-59000.000,,,
SellingGeneralAndAdministrativeExpense,,,,,,,,,,,,,,,,,,,1689000.000,1436000.000,1436000.000
ShareBasedCompensation,,,,86000.000,3500.000,,55000.000,31000.000,63000.000,,87000.000,99000.000,113000.000,,,,,,,,
ShareBasedCompensationArrangementByShareBasedPaymentAwardEquityInstrumentsOtherThanOptionsGrantsInPeriod,,,,,,,,,,,,5593.000,3644.000,,,,,,,,
ShareBasedCompensationArrangementByShareBasedPaymentAwardEquityInstrumentsOtherThanOptionsVestedInPeriodWeightedAverageGrantDateFairValue,,,,,,,,,,,,3.910,6.860,,,,,,,,
ShareBasedCompensationArrangementByShareBasedPaymentAwardOptionsExercisesInPeriodTotalIntrinsicValue,,,,176700.000,20570.000,,,8632.000,,,,,,,,,,,,,
ShareBasedCompensationArrangementByShareBasedPaymentAwardOptionsForfeituresAndExpirationsInPeriod,,,,,,,59310.000,,,,,,,,,,,,,,
ShareBasedCompensationArrangementByShareBasedPaymentAwardOptionsForfeituresAndExpirationsInPeriodWeightedAverageExercisePrice,,,,,,,10.140,,,,,,,,,,,,,,
ShareBasedCompensationArrangementByShareBasedPaymentAwardOptionsForfeituresInPeriod,,,,,,,,,,,3750.000,,,,53500.000,,,,4250.000,,22000.000
ShareBasedCompensationArrangementByShareBasedPaymentAwardOptionsGrantsInPeriod,,,,,,,,,,,90000.000,,,,50000.000,,,,,,
ShareBasedCompensationArrangementByShareBasedPaymentAwardOptionsGrantsInPeriodWeightedAverageGrantDateFairValue,,,,,,,5.290,5.250,7.100,,5.050,,,,2.540,,4.130,,,,
ShareBasedCompensationArrangementByShareBasedPaymentAwardSharesIssuedInPeriod,,,,,,,3543.000,3567.000,2640.000,,3711.000,,,,9840.000,,6052000.000,,,,
ShareBasedCompensationArrangementsByShareBasedPaymentAwardOptionsForfeituresInPeriodWeightedAverageExercisePrice,,,,,,,,,,,5.000,,,,5.560,,,,7.780,,5.720
ShareBasedCompensationArrangementsByShareBasedPaymentAwardOptionsGrantsInPeriodWeightedAverageExercisePrice,,,,,,,,,,,5.530,,,,2.730,,,,,,
StockIssuedDuringPeriodSharesStockOptionsExercised,,,,,,,0.000,,,,,,,,,,,,,,
StockOptionPlanExpense,,,97000.000,,,,,,,,,,,,,,,,,,
WeightedAverageNumberDilutedSharesOutstandingAdjustment,,,,,60000.000,,,,,,,,,,,,,,,,
WeightedAverageNumberOfDilutedSharesOutstanding,4916000.000,4836000.000,4854000.000,4877000.000,4964000.000,-9809000.000,4910000.000,4967000.000,4970000.000,-9892000.000,4976000.000,4980000.000,4985000.000,-14936017.000,4999000.000,5008000.000,5015000.000,-10003000.000,5030000.000,5068000.000,5096000.000
WeightedAverageNumberOfSharesContingentlyIssuable,,,,,,,57000.000,,,,,,,,,,,,,,
WeightedAverageNumberOfSharesOutstandingBasic,4828000.000,4836000.000,4854000.000,4877000.000,4904000.000,-9749000.000,4910000.000,4967000.000,4970000.000,-9892000.000,4976000.000,4980000.000,4985000.000,-14936017.000,4999000.000,5008000.000,5015000.000,-10011000.000,5030000.000,5059000.000,5096000.000
