,2011-08-28,2012-02-26,2012-05-27,2012-08-26,2012-11-25,2013-02-24,2013-05-26,2013-08-25,2013-11-24,2014-02-23,2014-05-25,2014-08-24,2015-03-01,2015-05-31,2015-08-30,2015-11-29,2016-02-28,2016-05-29,2016-08-28,2016-11-27,2017-02-26,2017-05-28
AmortizationOfFinancingCosts,,1110000.000,,,,1066000.000,,,,1099000.000,,,926000.000,,,,620000.000,,,,,
AssetImpairmentCharges,,58000.000,,,,835000.000,,,,234000.000,,,184000.000,,,,459000.000,,,,,
CapitalExpendituresIncurredButNotYetPaid,,,,,,,,,,,,,9993000.000,,,,14244000.000,,,,7103000.000,
CashAndCashEquivalentsPeriodIncreaseDecrease,,33778000.000,,,,43462000.000,,,,13572000.000,,,-95525000.000,,,,-47470000.000,,,,-6940000.000,
ComprehensiveIncomeNetOfTax,,,,32415000.000,,103893000.000,53350000.000,61937000.000,112619000.000,44011000.000,18942000.000,49030000.000,31195000.000,17981000.000,44983000.000,111551000.000,57907000.000,39071000.000,99875000.000,45951000.000,69899000.000,22388000.000
ComprehensiveIncomeNetOfTaxAttributableToNoncontrollingInterest,,,,-3152000.000,,-806000.000,-387000.000,-451000.000,-459000.000,-389000.000,-451000.000,-873000.000,-132000.000,-297000.000,331000.000,481000.000,674000.000,447000.000,-333000.000,-163000.000,-214000.000,226000.000
ComprehensiveIncomeNetOfTaxIncludingPortionAttributableToNoncontrollingInterest,,,,29263000.000,,103087000.000,52963000.000,61486000.000,112160000.000,43622000.000,18491000.000,48157000.000,31063000.000,17684000.000,45314000.000,112032000.000,58581000.000,39518000.000,99542000.000,45788000.000,69685000.000,22614000.000
CostOfGoodsSold,634573000.000,616167000.000,566471000.000,580108000.000,648116000.000,554800000.000,550187000.000,568448000.000,657784000.000,553637000.000,551542000.000,591926000.000,518010000.000,511949000.000,568655000.000,626898000.000,496902000.000,494389000.000,592305000.000,640131000.000,537438000.000,509463000.000
DebtInstrumentInterestRateDuringPeriod,,,,0.070,,0.069,0.077,0.077,-0.148,0.079,0.079,0.074,0.075,0.069,0.062,-0.139,0.063,0.064,0.062,-0.125,0.067,0.057
DefinedBenefitPlanRecognizedNetGainLossDueToCurtailments,,773000.000,,,,0.000,,,,,,,,,,,,,,,,
DepreciationDepletionAndAmortization,,31218000.000,,,,28368000.000,,,,26945000.000,,,26475000.000,,,,25111000.000,,,,27386000.000,
EffectOfExchangeRateOnCashAndCashEquivalents,,3183000.000,,,,-44000.000,,,,-601000.000,,,-11520000.000,,,,-2219000.000,,,,2510000.000,
EffectiveIncomeTaxRateContinuingOperations,,,,,,0.312,,,,0.248,,,0.341,,,,0.334,,,,0.323,
EffectiveIncomeTaxRateReconciliationChangeInDeferredTaxAssetsValuationAllowance,,,,,,,,,,,,,,,,,,,,,,0.060
ExcessTaxBenefitFromShareBasedCompensationFinancingActivities,,,,,,,,,,29000.000,,,75000.000,,,,0.000,,,,,
ForeignCurrencyTransactionGainLossBeforeTax,,,,,,,,,,,,,,-7325000.000,-13805000.000,,-8203000.000,4398000.000,9496000.000,,9676000.000,-3623000.000
ForeignCurrencyTransactionGainLossUnrealized,,1639000.000,,,,6189000.000,,,,3785000.000,,,-7489000.000,,,,-8348000.000,,,,-5373000.000,
GainLossOnDispositionOfAssets,,,,,,,,,,-3000.000,,,-26000.000,,,,12000.000,,,,,
GainLossOnSaleOfPropertyPlantEquipment,,88000.000,,,,149000.000,,,,,,,,,,,,,,,,
GainsLossesOnExtinguishmentOfDebt,,,-8206000.000,0.000,,-114000.000,-575000.000,0.000,0.000,0.000,-11151000.000,0.000,,-14002000.000,0.000,,,0.000,0.000,,,-22793000.000
GrossProfit,569444000.000,548794000.000,480686000.000,520748000.000,649103000.000,591878000.000,548711000.000,572836000.000,637047000.000,576353000.000,530305000.000,562203000.000,537065000.000,500231000.000,573357000.000,658328000.000,559598000.000,517198000.000,592806000.000,659410000.000,564553000.000,558392000.000
IncomeLossFromContinuingOperationsBeforeIncomeTaxesExtraordinaryItemsNoncontrollingInterest,44912000.000,72810000.000,15710000.000,48880000.000,58481000.000,155250000.000,65349000.000,76522000.000,25492000.000,66010000.000,16545000.000,72336000.000,58105000.000,19339000.000,89319000.000,143635000.000,99466000.000,41922000.000,130417000.000,135455000.000,88814000.000,3876000.000
IncomeTaxExpenseBenefit,13612000.000,23513000.000,2467000.000,23802000.000,5140000.000,48375000.000,17140000.000,20077000.000,8885000.000,16387000.000,5556000.000,22536000.000,19822000.000,7887000.000,30858000.000,41940000.000,33175000.000,10862000.000,32713000.000,39301000.000,28693000.000,-13847000.000
IncomeTaxesPaid,,4077000.000,,,,,,,,,,,,,,,,,,,,
IncomeTaxesPaidNet,,,,,,-15376000.000,,,,13441000.000,,,18049000.000,,,,11164000.000,,,,11677000.000,
IncreaseDecreaseInAccountsPayableAndAccruedLiabilities,,26711000.000,,,,2859000.000,,,,-45417000.000,,,-106432000.000,,,,49462000.000,,,,4611000.000,
IncreaseDecreaseInAccountsReceivable,,-118185000.000,,,,-97437000.000,,,,-63555000.000,,,-129587000.000,,,,-104777000.000,,,,-69935000.000,
IncreaseDecreaseInAccruedIncomeTaxesPayable,,11764000.000,,,,34212000.000,,,,3020000.000,,,3203000.000,,,,23654000.000,,,,17732000.000,
IncreaseDecreaseInEmployeeRelatedLiabilities,,-90766000.000,,,,-83244000.000,,,,-53302000.000,,,-74484000.000,,,,-78302000.000,,,,-72555000.000,
IncreaseDecreaseInInventories,,29961000.000,,,,56050000.000,,,,55739000.000,,,-30939000.000,,,,134923000.000,,,,53432000.000,
IncreaseDecreaseInOtherCurrentAssets,,17713000.000,,,,-12471000.000,,,,8749000.000,,,12647000.000,,,,2758000.000,,,,1961000.000,
IncreaseDecreaseInOtherNoncurrentAssets,,1744000.000,,,,6629000.000,,,,-168000.000,,,2048000.000,,,,1425000.000,,,,2928000.000,
IncreaseDecreaseInOtherNoncurrentLiabilities,,1049000.000,,,,-1093000.000,,,,-326000.000,,,-201000.000,,,,178000.000,,,,-1091000.000,
IncreaseDecreaseInRestructuringReserve,,,,,,,,,,56978000.000,,,-16009000.000,,,,-5614000.000,,,,-2652000.000,
InterestExpense,30208000.000,38573000.000,32411000.000,32160000.000,31550000.000,32157000.000,32883000.000,30903000.000,33081000.000,31829000.000,31310000.000,27179000.000,23312000.000,21913000.000,17138000.000,18851000.000,14902000.000,20411000.000,19170000.000,18687000.000,19934000.000,17895000.000
InterestIncomeExpenseNonoperatingNet,,,,,,,,,,627000.000,401000.000,506000.000,460000.000,199000.000,400000.000,194000.000,209000.000,281000.000,368000.000,518000.000,617000.000,694000.000
InterestPaid,,5796000.000,,,,4580000.000,,,,2490000.000,,,2020000.000,,,,1176000.000,,,,1456000.000,
InvestmentIncomeInterestAndDividend,,,,,,,,,,307000.000,0.000,255000.000,439000.000,0.000,258000.000,0.000,708000.000,0.000,268000.000,0.000,353000.000,
LicensesRevenue,20127000.000,,,,,,,,,,,,,,,,,,,,,
NetCashProvidedByUsedInFinancingActivities,,-53539000.000,,,,-76000000.000,,,,-6954000.000,,,-96533000.000,,,,-73571000.000,,,,-42502000.000,
NetCashProvidedByUsedInFinancingActivitiesContinuingOperations,,-53539000.000,,,,-76000000.000,,,,-6954000.000,,,-96533000.000,,,,-73571000.000,,,,-42502000.000,
NetCashProvidedByUsedInInvestingActivities,,-20659000.000,,,,-23548000.000,,,,-14547000.000,,,-25101000.000,,,,-17758000.000,,,,-15997000.000,
NetCashProvidedByUsedInInvestingActivitiesContinuingOperations,,-20659000.000,,,,-23548000.000,,,,-14547000.000,,,-25101000.000,,,,-17758000.000,,,,-15997000.000,
NetCashProvidedByUsedInOperatingActivities,,104793000.000,,,,143054000.000,,,,35674000.000,,,37629000.000,,,,46078000.000,,,,49049000.000,
NetCashProvidedByUsedInOperatingActivitiesContinuingOperations,,104793000.000,,,,143054000.000,,,,35674000.000,,,37629000.000,,,,46078000.000,,,,49049000.000,
NetIncomeLoss,32193000.000,49218000.000,13233000.000,28351000.000,53048000.000,107020000.000,48149000.000,57075000.000,16949000.000,49971000.000,11458000.000,50620000.000,38392000.000,11691000.000,58175000.000,101178000.000,65836000.000,30725000.000,98318000.000,96173000.000,60143000.000,17516000.000
NetIncomeLossAttributableToNoncontrollingInterest,-893000.000,79000.000,10000.000,-3273000.000,293000.000,-145000.000,60000.000,-630000.000,-342000.000,-348000.000,-469000.000,-820000.000,-109000.000,-239000.000,286000.000,517000.000,455000.000,335000.000,-614000.000,-19000.000,-22000.000,207000.000
OperatingIncomeLoss,80899000.000,110211000.000,45630000.000,86787000.000,91351000.000,181455000.000,99637000.000,118086000.000,66329000.000,93656000.000,65128000.000,105120000.000,107445000.000,47615000.000,114773000.000,161214000.000,116587000.000,58038000.000,144908000.000,142674000.000,108340000.000,62651000.000
OtherComprehensiveIncomeLossAvailableForSaleSecuritiesAdjustmentBeforeTax,,,,,,,,,,,,,,,,,-1829000.000,,,,,
OtherComprehensiveIncomeLossAvailableForSaleSecuritiesAdjustmentNetOfTax,,,,677000.000,,-962000.000,592000.000,-171000.000,793000.000,39000.000,453000.000,291000.000,70000.000,99000.000,-853000.000,330000.000,,,,,,
OtherComprehensiveIncomeLossBeforeTax,,,,,,,,,,,,,,,,,-6486000.000,10872000.000,3194000.000,-61571000.000,12375000.000,-4093000.000
OtherComprehensiveIncomeLossDerivativesQualifyingAsHedgesBeforeTax,,,,,,,,,,,,,,,,,-664000.000,-250000.000,-804000.000,889000.000,0.000,-29640000.000
OtherComprehensiveIncomeLossDerivativesQualifyingAsHedgesNetOfTax,,,,-1006000.000,,-3638000.000,6039000.000,-8329000.000,-1918000.000,-4228000.000,658000.000,3644000.000,87000.000,3234000.000,-17000.000,170000.000,,,,,,
OtherComprehensiveIncomeLossForeignCurrencyTransactionAndTranslationAdjustmentBeforeTax,,,,,,,,,,,,,,,,,-7575000.000,,,,,
OtherComprehensiveIncomeLossForeignCurrencyTransactionAndTranslationAdjustmentNetOfTax,,,,4040000.000,,-3097000.000,-5076000.000,9823000.000,3315000.000,-4114000.000,4175000.000,-7917000.000,-11476000.000,169000.000,-15360000.000,-5365000.000,,5877000.000,-33000.000,,7684000.000,20903000.000
OtherComprehensiveIncomeLossNetOfTax,,,,4185000.000,,-3788000.000,4754000.000,5041000.000,95553000.000,-6001000.000,7502000.000,-1643000.000,-7220000.000,6232000.000,-13147000.000,10337000.000,,,,,,
OtherComprehensiveIncomeLossPensionAndOtherPostretirementBenefitPlansAdjustmentBeforeTax,,,,,,,,,,,,,,,,,-3582000.000,-3735000.000,-3356000.000,33598000.000,-3691000.000,-3769000.000
OtherComprehensiveIncomeLossPensionAndOtherPostretirementBenefitPlansAdjustmentNetOfTax,,,,-474000.000,,-3909000.000,-3199000.000,-3718000.000,-93363000.000,-2302000.000,-2216000.000,-2339000.000,-4099000.000,-2730000.000,-3083000.000,-15202000.000,,,,,,
OtherComprehensiveIncomeLossTax,,,,,,,,,,,,,,,,,1224000.000,2414000.000,1356000.000,-11205000.000,2811000.000,-8984000.000
OtherComprehensiveIncomeUnrealizedHoldingGainLossOnSecuritiesArisingDuringPeriodBeforeTax,,,,,,,,,,,,,,,,,,1510000.000,675000.000,,1000000.000,875000.000
OtherGeneralAndAdministrativeExpense,,,,,,,,,,6400000.000,9400000.000,7500000.000,,,,,,,,,,
OtherNonoperatingIncomeExpense,-5779000.000,1172000.000,10697000.000,-5747000.000,-1320000.000,6066000.000,-830000.000,-10661000.000,-7756000.000,4183000.000,-6122000.000,-5605000.000,-26028000.000,7639000.000,-8316000.000,1272000.000,-2219000.000,4295000.000,4679000.000,11468000.000,408000.000,-18087000.000
OtherOperatingActivitiesCashFlowStatement,,94000.000,,,,106000.000,,,,-384000.000,,,-348000.000,,,,0.000,,,,1554000.000,
PaymentsForProceedsFromDerivativeInstrumentInvestingActivities,,3485000.000,,,,2710000.000,,,,-5915000.000,,,3960000.000,,,,-12967000.000,,,,-9076000.000,
PaymentsForProceedsFromOtherInvestingActivities,,0.000,,,,,,,,,,,,,,,,,,,,
PaymentsForRepurchaseOfCommonStock,,479000.000,,,,0.000,,,,,,,,,,,,,,,193000.000,
PaymentsForRestructuring,,,,,,,,,,0.000,21265000.000,15000000.000,20012000.000,12773000.000,9606000.000,7733000.000,7463000.000,4885000.000,2696000.000,2731000.000,,
PaymentsOfDebtIssuanceCosts,,51000.000,,,,0.000,,,,,,,,,,,,,,,,
PaymentsOfDividends,,0.000,,,,25076000.000,,,,0.000,30000000.000,,,50000000.000,,,,,,,35000000.000,
PaymentsOfDividendsMinorityInterest,,0.000,,,,,,,,,,,,,,,,,,,,
PaymentsToAcquireBusinessesNetOfCashAcquired,,0.000,,,,,,,,75000.000,,,0.000,,,,,,,,,
PaymentsToAcquirePropertyPlantAndEquipment,,17291000.000,,,,20883000.000,,,,20434000.000,,,21152000.000,,,,30746000.000,,,,25073000.000,
PriorPeriodReclassificationAdjustment,,,,,,,,,,,,3000000.000,,,,,,,,,,
ProceedsFromIssuanceOfLongTermDebt,,0.000,,,,,,,,,,,,,,,,,,,,
ProceedsFromLinesOfCredit,,,,,,,,,,3088000.000,,,7753000.000,,,,9208000.000,,,,9911000.000,
ProceedsFromLongTermLinesOfCredit,,50000000.000,,,,0.000,,,,,,,35000000.000,,,,75000000.000,,,,0.000,
ProceedsFromPaymentsForOtherFinancingActivities,,,,,,,,,,,,,,,,,,,,,-1158000.000,
ProceedsFromRepaymentsOfRestrictedCashFinancingActivities,,-305000.000,,,,-127000.000,,,,560000.000,,,736000.000,,,,663000.000,,,,,
ProceedsFromRepaymentsOfShortTermDebt,,7754000.000,,,,-347000.000,,,,-7179000.000,,,689000.000,,,,3102000.000,,,,-8288000.000,
ProceedsFromSaleOfProductiveAssets,,,,,,,,,,47000.000,,,11000.000,,,,21000.000,,,,,
ProceedsFromSaleOfPropertyPlantAndEquipment,,117000.000,,,,45000.000,,,,,,,,,,,,,,,,
ProfitLoss,31300000.000,49297000.000,13243000.000,25078000.000,53341000.000,106875000.000,48209000.000,56445000.000,16607000.000,49623000.000,10989000.000,49800000.000,38283000.000,11452000.000,58461000.000,101695000.000,66291000.000,31060000.000,97704000.000,96154000.000,60121000.000,17723000.000
ProvisionForDoubtfulAccounts,,2919000.000,,,,2153000.000,,,,703000.000,,,519000.000,,,,498000.000,,,,,
RepaymentsOfLinesOfCredit,,,,,,,,,,2423000.000,,,5045000.000,,,,6763000.000,,,,7774000.000,
RepaymentsOfLongTermCapitalLeaseObligations,,,,,,,,,,,,,,,,,781000.000,,,,,
RepaymentsOfLongTermDebtAndCapitalSecurities,,458000.000,,,,,,,,,,,,,,,,,,,,
RepaymentsOfLongTermLinesOfCredit,,110000000.000,,,,0.000,,,,,,,135000000.000,,,,154000000.000,,,,0.000,
RestructuringAndRelatedCostNumberOfPositionsEliminated,,,,,,,,,,800.000,,,,,,,,,,,,
RestructuringCharges,,,,,,,,,,57935000.000,19105000.000,2371000.000,4338000.000,2954000.000,4054000.000,2725000.000,1848000.000,-191000.000,-627000.000,-718000.000,0.000,0.000
RestructuringReserveAccrualAdjustment,,,,,,,,,,-957000.000,-3045000.000,-1765000.000,-1731000.000,-499000.000,-1652000.000,-767000.000,279000.000,-683000.000,-612000.000,-773000.000,,
RestructuringReserveTranslationAdjustment,,,,,,,,,,,-850000.000,-725000.000,-3738000.000,-618000.000,425000.000,-983000.000,515000.000,206000.000,71000.000,-362000.000,,
Revenues,1204017000.000,1164961000.000,1047157000.000,1100856000.000,1297219000.000,1146678000.000,1098898000.000,1141284000.000,1294831000.000,1129990000.000,1081847000.000,1154129000.000,1055075000.000,1012180000.000,1142012000.000,1285226000.000,1056500000.000,1011587000.000,1185111000.000,1299541000.000,1101991000.000,1067855000.000
SalesRevenueGoodsNet,1183890000.000,,,,,,,,,,,,,,,,,,,,,
SalesRevenueNet,1204017000.000,1164961000.000,1047157000.000,1100856000.000,1297219000.000,1146678000.000,1098898000.000,1141284000.000,1294831000.000,1129990000.000,1081847000.000,1154129000.000,1055075000.000,1012180000.000,1142012000.000,1285226000.000,1056500000.000,1011587000.000,1185111000.000,1299541000.000,1101991000.000,1067855000.000
SellingGeneralAndAdministrativeExpense,488545000.000,438583000.000,435056000.000,433961000.000,557752000.000,410423000.000,449074000.000,454750000.000,570718000.000,424762000.000,446072000.000,454712000.000,425282000.000,449662000.000,454530000.000,494389000.000,441163000.000,459351000.000,448525000.000,517454000.000,456213000.000,495741000.000
ShareBasedCompensation,,1214000.000,,,,1435000.000,,,,2314000.000,,,3600000.000,,,,-1053000.000,,,,2350000.000,
UnrecognizedTaxBenefitsDecreasesResultingFromSettlementsWithTaxingAuthorities,,,,,,,,23400000.000,,,,,,,,,,,,,,
