,2011-06-30,2011-09-30,2012-03-31,2012-06-30,2012-09-30,2012-12-31,2013-03-30,2013-06-29,2013-09-28,2014-03-29,2014-06-28,2014-09-27,2014-12-27,2015-03-28,2015-06-27,2015-09-26
AllowanceForLoanAndLeaseLossesProvisionForLossNet,,,,,,,-16180.000,,,,,,,,,
CashAndCashEquivalentsPeriodIncreaseDecrease,,,-369371.000,,,,-316429.000,,,-1279021.000,,,,-1265763.000,,
CostOfRevenue,6456337.000,5610614.000,4485331.000,6341144.000,5097314.000,5357046.000,4561799.000,5846887.000,5886887.000,4526815.000,6400421.000,6738180.000,6829839.000,5192990.000,7345704.000,6694760.000
CurrentIncomeTaxExpenseBenefit,,,,,,,-164513.000,,,-290841.000,,,,-61565.000,,
DebtInstrumentBasisSpreadOnVariableRate1,,,,,,,,,,0.040,,,,,,
DeferredIncomeTaxExpenseBenefit,,,,,,,95477.000,,,93751.000,,,,60073.000,,
Depreciation,,,,,,,3027.000,,,,,,,,,
DepreciationAndAmortization,3687.000,3339.000,3265.000,3221.000,3221.000,3182.000,,2712.000,2247.000,2708.000,3077.000,3658.000,,,,
DepreciationDepletionAndAmortization,,,,,,,51053.000,,,43734.000,,,,48058.000,,
EarningsPerShareBasic,0.020,0.020,0.000,0.010,0.010,0.040,-0.010,0.020,0.020,-0.020,0.020,0.020,0.020,0.000,0.040,0.030
EarningsPerShareDiluted,0.020,0.020,0.000,0.010,0.010,0.040,-0.010,0.020,0.020,-0.020,0.020,0.020,0.020,0.000,0.040,0.030
EffectiveIncomeTaxRateContinuingOperations,,,,,,,-0.348,,,0.366,,,,0.057,,
EffectiveIncomeTaxRateReconciliationAtFederalStatutoryIncomeTaxRate,,,,,,,-0.340,,,0.340,,,,0.340,,
EffectiveIncomeTaxRateReconciliationNondeductibleExpense,,,,,,,0.034,,,-0.015,,,,-0.326,,
EffectiveIncomeTaxRateReconciliationNondeductibleExpenseLifeInsurance,,,,,,,0.002,,,-0.001,,,,-0.013,,
EffectiveIncomeTaxRateReconciliationNondeductibleExpenseMealsAndEntertainment,,,,,,,0.032,,,-0.014,,,,-0.313,,
EffectiveIncomeTaxRateReconciliationOtherReconcilingItemsPercent,,,,,,,,,,0.000,,,,0.000,,
EffectiveIncomeTaxRateReconciliationPriorYearIncomeTaxes,,,,,,,,,,-0.002,,,,,,
EffectiveIncomeTaxRateReconciliationStateAndLocalIncomeTaxes,,,,,,,-0.042,,,0.042,,,,0.042,,
FairValueAssumptionsExpectedVolatilityRate,,,,,,,0.346,,,,,,,,,
FairValueAssumptionsRiskFreeInterestRate,,,,,,,0.001,,,,,,,,,
FairValueMeasurementWithUnobservableInputsReconciliationRecurringBasisLiabilityGainLossIncludedInEarnings,,,,6230.000,16821.000,,,,,,,,,,,
GainLossOnDerivativeInstrumentsNetPretax,53394.000,57135.000,10235.000,6230.000,16821.000,1200.000,,,,,,,,,,
GainLossOnSaleOfPropertyPlantEquipment,,,,,,,,,,2200.000,,,,1000.000,,
GrossProfit,1424857.000,1473611.000,833633.000,1302101.000,1341812.000,1462275.000,892752.000,1376590.000,1398585.000,670256.000,1518811.000,1735369.000,1828034.000,1120389.000,2171217.000,1999984.000
IncomeLossFromContinuingOperationsBeforeIncomeTaxesExtraordinaryItemsNoncontrollingInterest,,,,,,,,,,,,,,,,721079.000
IncomeLossFromContinuingOperationsBeforeIncomeTaxesMinorityInterestAndIncomeLossFromEquityMethodInvestments,508261.000,583150.000,-305739.000,294567.000,359649.000,452702.000,-198274.000,415912.000,374757.000,-538834.000,484916.000,500985.000,578350.000,-26453.000,875570.000,
IncomeTaxExpenseBenefit,180776.000,206280.000,-115032.000,114916.000,136843.000,-174683.000,-69036.000,158986.000,110834.000,-197090.000,188658.000,205973.000,176737.000,-1492.000,280980.000,223791.000
IncomeTaxExpenseBenefitContinuingOperations,,,,,,,-69036.000,,,,,,,,,
IncomeTaxReconciliationIncomeTaxExpenseBenefitAtFederalStatutoryIncomeTaxRate,,,,,,,-67413.000,,,-183204.000,,,,-8994.000,,
IncomeTaxReconciliationNondeductibleExpense,,,,,,,6756.000,,,7816.000,,,,8621.000,,
IncomeTaxReconciliationNondeductibleExpenseLifeInsurance,,,,,,,334.000,,,334.000,,,,334.000,,
IncomeTaxReconciliationNondeductibleExpenseMealsAndEntertainment,,,,,,,6422.000,,,7482.000,,,,8287.000,,
IncomeTaxReconciliationOtherReconcilingItems,,,,,,,,,,-1.000,,,,-1.000,,
IncomeTaxReconciliationPriorYearIncomeTaxes,,,,,,,,,,1070.000,,,,,,
IncomeTaxReconciliationStateAndLocalIncomeTaxes,,,,,,,-8379.000,,,-22771.000,,,,-1118.000,,
IncomeTaxesPaidNet,,,330123.000,,,,90000.000,,,176570.000,,,,203490.000,,
IncreaseDecreaseInAccountsPayable,,,-76047.000,,,,295229.000,,,-105498.000,,,,242794.000,,
IncreaseDecreaseInAccruedIncomeTaxesPayable,,,-511654.000,,,,-57732.000,,,-467412.000,,,,-263453.000,,
IncreaseDecreaseInAccruedLiabilities,,,-177867.000,,,,19907.000,,,-151039.000,,,,-219576.000,,
IncreaseDecreaseInDeferredIncomeTaxes,,,-91234.000,,,,-95477.000,,,-93752.000,,,,-60074.000,,
IncreaseDecreaseInFinanceReceivables,,,-583547.000,,,,-519817.000,,,-622081.000,,,,76574.000,,
IncreaseDecreaseInInventories,,,364898.000,,,,221639.000,,,626046.000,,,,845502.000,,
IncreaseDecreaseInNotesReceivableCurrent,,,,,,,,,,-497335.000,,,,,,
IncreaseDecreaseInPrepaidDeferredExpenseAndOtherAssets,,,40574.000,,,,198402.000,,,10052.000,,,,157301.000,,
IncreaseDecreaseInReceivables,,,-1277721.000,,,,-35850.000,,,-354543.000,,,,-595.000,,
InterestExpense,24677.000,16054.000,13528.000,12254.000,15791.000,11707.000,11120.000,10906.000,10685.000,9783.000,9555.000,9319.000,8980.000,8446.000,8208.000,7958.000
InterestPaidNet,,,45930.000,,,,50492.000,,,32020.000,,,,10944.000,,
InvestmentIncomeInterest,4488.000,3174.000,2708.000,230.000,218.000,188.000,171.000,121.000,122.000,119.000,120.000,121.000,101.000,,4.000,4.000
NetCashProvidedByUsedInFinancingActivities,,,-3801690.000,,,,-614274.000,,,-1093112.000,,,,-31400.000,,
NetCashProvidedByUsedInFinancingActivitiesContinuingOperations,,,-3801690.000,,,,-614274.000,,,-1093112.000,,,,-31400.000,,
NetCashProvidedByUsedInInvestingActivities,,,2864221.000,,,,-11297.000,,,-46333.000,,,,-4227.000,,
NetCashProvidedByUsedInInvestingActivitiesContinuingOperations,,,2864221.000,,,,-11297.000,,,-46333.000,,,,-4227.000,,
NetCashProvidedByUsedInOperatingActivities,,,568098.000,,,,309142.000,,,-139576.000,,,,-1230136.000,,
NetCashProvidedByUsedInOperatingActivitiesContinuingOperations,,,568098.000,,,,309142.000,,,-139576.000,,,,-1230136.000,,
NetIncomeLoss,327485.000,376870.000,-190707.000,179651.000,222806.000,627385.000,-129238.000,256926.000,263923.000,-341744.000,296258.000,295012.000,401613.000,-24961.000,594590.000,497288.000
NetIncomeLossAvailableToCommonStockholdersBasic,,,-72525.000,179651.000,222806.000,627385.000,-129238.000,256926.000,263923.000,,,,,,,
NonoperatingIncomeExpense,44313.000,44466.000,1055.000,-5794.000,1248.000,-10319.000,-10949.000,-10785.000,-8563.000,-7464.000,-9435.000,-9198.000,-8879.000,-7442.000,296.000,-12754.000
OperatingExpenses,960909.000,934927.000,1140427.000,1001740.000,983411.000,999254.000,1080077.000,949893.000,1015265.000,1201626.000,1024460.000,1225186.000,,,1295943.000,1266151.000
OperatingIncomeLoss,463948.000,538684.000,-306794.000,300361.000,358401.000,463021.000,-187325.000,426697.000,383320.000,-531370.000,494351.000,510183.000,587229.000,-19011.000,875274.000,733833.000
OtherNonoperatingIncomeExpense,11108.000,211.000,1640.000,,,,,,2000.000,2200.000,0.000,,,1004.000,8500.000,-4800.000
PaymentsForRepurchaseOfCommonStock,,,584053.000,,,,82874.000,,,4913.000,,,,,,
PaymentsForRepurchaseOfPreferredStockAndPreferenceStock,,,1756818.000,,,,,,,,,,,,,
PaymentsToAcquireMachineryAndEquipment,,,2779.000,,,,11297.000,,,48533.000,,,,5227.000,,
PreferredStockRedemptionDiscount,,,118182.000,,,,,,,,,,,,,
ProceedsFromLinesOfCredit,,,2675000.000,,,,2200000.000,,,2280000.000,,,,,,
ProceedsFromSaleOfPropertyPlantAndEquipment,,,2000.000,,,,,,,2200.000,,,,1000.000,,
ProceedsFromSaleOfShortTermInvestments,,,2865000.000,,,,,,,,,,,,,
ProvisionForDoubtfulAccounts,,,,,,,-16180.000,,,32970.000,,,,6710.000,,
RedeemablePreferredStockDividends,,,-118182.000,,,,,,,,,,,,,
RepaymentsOfLinesOfCredit,,,3225000.000,,,,2700000.000,,,3336799.000,,,,,,
RepaymentsOfLongTermDebt,,,31400.000,,,,31400.000,,,31400.000,,,,31400.000,,
Revenues,7881194.000,7084225.000,5318964.000,7643245.000,6439126.000,6819321.000,5454551.000,7223477.000,7285472.000,5197071.000,7919232.000,8473549.000,8657873.000,6313379.000,9516921.000,8694744.000
SalesRevenueNet,7881194.000,7084225.000,5318964.000,7643245.000,6439126.000,6819321.000,5454551.000,7223477.000,7285472.000,5197071.000,7919232.000,8473549.000,8657873.000,6313379.000,9516921.000,8694744.000
SellingGeneralAndAdministrativeExpense,957222.000,931588.000,1137162.000,998519.000,980190.000,996072.000,1077050.000,947181.000,1013018.000,1198918.000,1021383.000,1221528.000,1250248.000,1139400.000,1295943.000,1266151.000
StandardProductWarrantyAccrualPayments,,,,-315341.000,-336713.000,,333209.000,370558.000,323303.000,453842.000,363942.000,380648.000,456750.000,371088.000,300807.000,373980.000
StandardProductWarrantyAccrualWarrantiesIssued,,,,330341.000,291713.000,,248209.000,365558.000,353303.000,373842.000,403942.000,440648.000,496750.000,371088.000,390807.000,408980.000
TreasuryStockValueAcquiredCostMethod,,,584053.000,,,,,,,,,,,,,
ValuationAllowancesAndReservesChargedToCostAndExpense,,,,,,,,,,32970.000,,,,,,
WeightedAverageNumberOfDilutedSharesOutstanding,20772846.000,20673661.000,16979742.000,16019656.000,15959274.000,-32758163.000,15570128.000,15508736.000,15459922.000,15432891.000,15411248.000,15398831.000,-30806452.000,15514344.000,15514344.000,15514344.000
WeightedAverageNumberOfSharesOutstandingBasic,17239903.000,17064337.000,16979742.000,16019656.000,15959274.000,-32758163.000,15570128.000,15508736.000,15459922.000,15432891.000,15411248.000,15398831.000,-30806452.000,15514344.000,15514344.000,15514344.000
