,2011-06-30,2011-09-30,2012-03-31,2012-06-30,2012-09-30,2012-12-31,2013-03-31,2013-06-30,2013-09-30,2013-12-31,2014-03-31,2014-06-30,2014-09-30,2014-12-31,2015-03-31,2015-06-30,2015-09-30,2015-12-31,2016-03-31,2016-06-30,2016-09-30,2016-12-31,2017-03-31
CashAndCashEquivalentsPeriodIncreaseDecrease,,,1628806.000,,,,1518732.000,,,,5028646.000,,,,22786621.000,,,,1707903.000,,,,3145992.000
ComprehensiveIncomeNetOfTax,,,5949615.000,5296033.000,4322452.000,3960067.000,4155994.000,6148590.000,9449268.000,7796609.000,7258326.000,9922575.000,9374451.000,7478886.000,22190064.000,7439987.000,11485324.000,9027020.000,7302906.000,10145972.000,8952267.000,11127748.000,14902892.000
CostsAndExpenses,786436.000,712265.000,801793.000,750629.000,673298.000,1058285.000,883144.000,904255.000,832694.000,1358408.000,942405.000,870352.000,877921.000,1094521.000,983742.000,846101.000,953540.000,1375888.000,1095689.000,1092640.000,1173576.000,1491642.000,2124703.000
CurrentIncomeTaxExpenseBenefit,,,,,,,,,,,,,,,607464.000,503799.000,590984.000,23728135.000,,,,,
DepreciationDepletionAndAmortization,,,3021.000,,,,4095.000,,,,5655.000,,,,4799.000,,,,7274.000,,,,19119.000
EarningsPerShareBasicAndDiluted,0.580,0.560,0.650,0.590,0.480,0.480,0.470,0.710,1.100,0.880,0.860,1.170,1.110,1.000,2.670,0.900,1.400,1.130,0.900,1.260,1.120,1.380,1.880
EffectiveIncomeTaxRateContinuingOperations,,,,,,,0.340,,,,0.350,,,,0.350,,,,0.350,,,,0.350
GainLossOnSaleOfPropertyPlantEquipment,,,,,,,,,,,,,,,712.000,,,,-8201.000,,,,3901.000
GeneralAndAdministrativeExpense,551968.000,470305.000,558178.000,530733.000,427963.000,-915284.000,641557.000,520140.000,493338.000,-1065728.000,515728.000,422649.000,444173.000,-752560.000,,,,,749105.000,698423.000,676332.000,-1119716.000,1464944.000
IncomeLossFromContinuingOperationsBeforeIncomeTaxesExtraordinaryItemsNoncontrollingInterest,,,,,,,,,,,,,,,33755611.000,10949033.000,17233208.000,13345170.000,10802414.000,15103470.000,13099676.000,16081360.000,22113559.000
IncomeLossFromContinuingOperationsBeforeIncomeTaxesMinorityInterestAndIncomeLossFromEquityMethodInvestments,8012551.000,7848114.000,8778286.000,7956109.000,6369983.000,6218508.000,5843710.000,9049678.000,14103915.000,,10639548.000,14712912.000,13878547.000,,,,,,,,,,
IncomeTaxExpenseBenefit,2596622.000,2589178.000,2840031.000,2671435.000,2058891.000,2104711.000,1705866.000,2919238.000,4672797.000,3626169.000,3389630.000,4798745.000,4512504.000,3965655.000,11589522.000,3533021.000,5771859.000,4350113.000,3522363.000,4980353.000,4170264.000,5174390.000,7228137.000
IncomeTaxesPaid,,,,,,,,,,,10649.000,,,,,,,,204749.000,,,,1625000.000
IncreaseDecreaseInAccountsPayableAndAccruedLiabilities,,,-70468.000,,,,-296434.000,,,,34299.000,,,,-1838741.000,,,,1111225.000,,,,7688581.000
IncreaseDecreaseInAccruedIncomeTaxesPayable,,,1821941.000,,,,1403493.000,,,,3508976.000,,,,10780221.000,,,,3319078.000,,,,5615851.000
IncreaseDecreaseInDeferredIncomeTaxes,,,99356.000,,,,104736.000,,,,125468.000,,,,-6274.000,,,,-10842.000,,,,3307.000
IncreaseDecreaseInNotesReceivables,,,306217.000,,,,-332356.000,,,,-366721.000,,,,-18882.000,,,,-4246.000,,,,-36961.000
IncreaseDecreaseInPrepaidTaxes,,,,,,,-416882.000,,,,,,,,-815937.000,,,,,,,,
IncreaseDecreaseInReceivables,,,669122.000,,,,497861.000,,,,951203.000,,,,89403.000,,,,462709.000,,,,3855027.000
InterestAndFeeIncomeOtherLoans,228314.000,211331.000,182361.000,180489.000,180852.000,162550.000,147275.000,140175.000,123831.000,72957.000,65798.000,38500.000,18955.000,17038.000,16426.000,,,,,,,,
InvestmentIncomeInterest,4391.000,4585.000,5197.000,5004.000,4800.000,4434.000,3071.000,3109.000,2743.000,3082.000,3344.000,3380.000,3749.000,4050.000,6693.000,7259.000,7290.000,6198.000,5942.000,5844.000,7500.000,9784.000,9494.000
LandSales,3680500.000,2955972.000,3567000.000,2242747.000,,,113000.000,218588.000,5201600.000,880400.000,,1670605.000,323125.000,,20268000.000,160000.000,1888635.000,300000.000,86000.000,,485505.000,,
NetCashProvidedByUsedInFinancingActivities,,,-6915229.000,,,,-3876907.000,,,,-5059465.000,,,,-9063134.000,,,,-9438622.000,,,,-19353358.000
NetCashProvidedByUsedInFinancingActivitiesContinuingOperations,,,-6915229.000,,,,-3876907.000,,,,-5059465.000,,,,-9063134.000,,,,-9438622.000,,,,-19353358.000
NetCashProvidedByUsedInInvestingActivities,,,-24697.000,,,,,,,,-787.000,,,,-13591.000,,,,-131683.000,,,,-1884349.000
NetCashProvidedByUsedInInvestingActivitiesContinuingOperations,,,-24697.000,,,,,,,,-787.000,,,,-13591.000,,,,-131683.000,,,,-1884349.000
NetCashProvidedByUsedInOperatingActivities,,,8568732.000,,,,5395639.000,,,,10088898.000,,,,31863346.000,,,,11278208.000,,,,24383699.000
NetCashProvidedByUsedInOperatingActivitiesContinuingOperations,,,8568732.000,,,,5395639.000,,,,10088898.000,,,,31863346.000,,,,11278208.000,,,,24383699.000
NetIncomeLoss,5415929.000,5258936.000,5938255.000,5284674.000,4311092.000,4113797.000,4137844.000,6130440.000,9431118.000,7519106.000,7249918.000,9914167.000,9366043.000,8234892.000,22166089.000,7416012.000,11461349.000,8995057.000,7280051.000,10123117.000,8929412.000,10906970.000,14885422.000
NumberOfOperatingSegments,,,,,,,,,,,1.000,,,,1.000,,,,1.000,,,,1.000
OperatingIncomeLoss,8008160.000,7843529.000,8773089.000,7951105.000,6365183.000,6214074.000,5840639.000,9046569.000,14101172.000,11142193.000,10636204.000,14709532.000,13874798.000,12196497.000,33748918.000,10941774.000,17225918.000,13338972.000,10796472.000,15097626.000,13092176.000,16071576.000,22104065.000
OtherComprehensiveIncomeDefinedBenefitPlanNetPriorServiceCostsCreditArisingDuringPeriodNetOfTax,,,,-11359.000,,,,,,,,,,,,,,,,,,,
OtherComprehensiveIncomeLossNetOfTax,,,,,11360.000,,18150.000,18150.000,18150.000,277503.000,8408.000,8408.000,8408.000,-756006.000,23975.000,23975.000,23975.000,31963.000,22855.000,22855.000,22855.000,220778.000,17470.000
OtherComprehensiveIncomeLossTaxPortionAttributableToParent1,,,6117.000,6116.000,6117.000,,9773.000,9773.000,9773.000,,4527.000,4527.000,4527.000,,12909.000,12909.000,12909.000,,12307.000,12307.000,12909.000,,9407.000
OtherComprehensiveIncomeReclassificationOfDefinedBenefitPlanNetTransitionAssetObligationRecognizedInNetPeriodicBenefitCostNetOfTax,,,11360.000,,,,,,,,,,,,,,,,,,,,
OtherRealEstateRevenue,,,,,,,,,,,,,,,,5802945.000,10091161.000,,6070973.000,9198970.000,5200748.000,,12911778.000
OtherSalesRevenueNet,,,,,,,,,,,,,,,,125336.000,139017.000,,124437.000,124594.000,124623.000,,124228.000
PaymentsForRepurchaseOfCommonStock,,,,,,,,,,,,,,,,,,,,,,,8671600.000
PaymentsOfCapitalDistribution,,,0.230,,,,,,,,0.270,,,,0.290,0.000,,,0.310,,,,1.350
PaymentsOfDividends,,,2091907.000,,,,,,,,2779165.000,,,,2402460.000,,,,2507183.000,,,,10681758.000
PaymentsOfDividendsCommonStock,,,,,,,,,,,2280300.000,,,,,,,,,,,,
PaymentsToAcquirePropertyPlantAndEquipment,,,24697.000,,,,,,,,787.000,,,,38591.000,,,,149683.000,,,,1911849.000
ProceedsFromSaleOfPropertyPlantAndEquipment,,,,,,,,,,,,,,,25000.000,,,,18000.000,,,,27500.000
Revenues,8794596.000,8555794.000,9574882.000,8701734.000,7038481.000,7272359.000,6723783.000,9950824.000,14933866.000,12500601.000,11578609.000,15579884.000,14752719.000,13291018.000,34732660.000,11787875.000,18179458.000,14714860.000,11892161.000,16190266.000,14265752.000,17563218.000,24228768.000
RoyaltyRevenue,4885782.000,5388491.000,5825521.000,6278498.000,6857629.000,-4290733.000,6463508.000,9592061.000,9608435.000,-1167153.000,11512811.000,13870779.000,14410639.000,-10448126.000,14448234.000,5699594.000,6060645.000,-1348268.000,5610751.000,6866702.000,8454876.000,9064633.000,11192762.000
SalesRevenueNet,8794596.000,8555794.000,9574882.000,8701734.000,7038481.000,7272359.000,6723783.000,9950824.000,14933866.000,12500601.000,11578609.000,15579884.000,14752719.000,13291018.000,34732660.000,11787875.000,18179458.000,14714860.000,11892161.000,16190266.000,14265752.000,17563218.000,24228768.000
StockRepurchasedDuringPeriodValue,,,-4823322.000,,,,-3876907.000,,,,,,,,-6660674.000,,,,-6931439.000,,,,
TaxesExcludingIncomeAndExciseTaxes,234468.000,241960.000,243615.000,219896.000,245335.000,232911.000,241587.000,384115.000,339356.000,455577.000,426677.000,447703.000,433748.000,384128.000,376278.000,342302.000,362556.000,395440.000,346584.000,394217.000,497244.000,541232.000,659759.000
WeightedAverageNumberOfDilutedSharesOutstanding,9432205.000,9340425.000,9122337.000,9025506.000,8940175.000,,8755321.000,8686690.000,8602550.000,,8451133.000,8439914.000,8406403.000,,8297581.000,8244345.000,8190757.000,,8098106.000,8048500.000,7984936.000,,7919085.000
