,2011-09-30,2012-03-31,2012-06-30,2012-09-30,2012-12-31,2013-03-31,2013-06-30,2013-09-30,2013-12-31,2014-03-31,2014-06-30,2014-09-30,2014-12-31,2015-03-31,2015-06-30,2015-09-30,2015-12-31,2016-03-31,2016-06-30,2016-09-30,2016-12-31,2017-03-31
AmortizationOfFinancingCosts,,,,,,,,,,,,,,,,,,,,,,236000.000
AmortizationOfFinancingCostsAndDiscounts,,,,,,,,,,,,,,,,,,,,,,37000.000
CashAndCashEquivalentsPeriodIncreaseDecrease,,-419000.000,,,,-957000.000,,,,127000.000,,,,-477000.000,,,,69000.000,,,,-180000.000
CashProvidedByUsedInFinancingActivitiesDiscontinuedOperations,,,,,,-1723000.000,,,,,,,,,,,,,,,,
CashProvidedByUsedInInvestingActivitiesDiscontinuedOperations,,,,,,1766000.000,,,,,,,,,,,,,,,,
CashProvidedByUsedInOperatingActivitiesDiscontinuedOperations,,,,,,-53000.000,,,,,,,,,,,,,,,,
ComprehensiveIncomeNetOfTax,,-1591000.000,678000.000,306000.000,-1171000.000,-389000.000,-832000.000,234000.000,369000.000,-288000.000,-2395000.000,-554000.000,-4224000.000,-917000.000,-543000.000,12000.000,-97000.000,-983000.000,97000.000,102000.000,-180000.000,-1231000.000
CostOfGoodsSold,4911000.000,3190000.000,3820000.000,3166000.000,2635000.000,2079000.000,2478000.000,3221000.000,3434000.000,3823000.000,4192000.000,3324000.000,4143000.000,2560000.000,4001000.000,5541000.000,3271000.000,2436000.000,3704000.000,3745000.000,3470000.000,2366000.000
CostOfRealEstateRevenue,16000.000,16000.000,15000.000,16000.000,,,,,,,,,,,,,,,,,,
CostOfRevenue,6654000.000,4667000.000,5331000.000,4692000.000,3910000.000,3344000.000,3726000.000,4446000.000,4766000.000,4848000.000,5216000.000,4279000.000,5104000.000,3208000.000,4656000.000,6241000.000,4025000.000,2962000.000,4216000.000,4247000.000,3962000.000,2728000.000
CostOfServices,1727000.000,1461000.000,1496000.000,1510000.000,1322000.000,1265000.000,1248000.000,1225000.000,1332000.000,1025000.000,1024000.000,955000.000,961000.000,648000.000,655000.000,700000.000,754000.000,526000.000,512000.000,502000.000,492000.000,362000.000
DefinedBenefitPlanActuarialGainLoss,,,,,,-121000.000,-121000.000,-151000.000,960000.000,,,,,,,,,,,,,
DefinedBenefitPlanAmortizationOfGainsLosses,,,,,,,,,,-131000.000,-47000.000,-90000.000,-90000.000,-140000.000,-140000.000,-140000.000,-159000.000,-48000.000,-48000.000,-53000.000,-50000.000,-54000.000
DefinedBenefitPlanContributionsByEmployer,,,,,,218000.000,,,,498000.000,,,,,,,,,,,,
DefinedBenefitPlanExpectedContributionsInCurrentFiscalYear,,,,,,,,,,1400000.000,,,,,,,,1000000.000,,,,
DefinedBenefitPlanExpectedReturnOnPlanAssets,,,109000.000,110000.000,,110000.000,110000.000,154000.000,124000.000,125000.000,174000.000,150000.000,149000.000,169000.000,169000.000,169000.000,160000.000,168000.000,168000.000,168000.000,168000.000,179000.000
DefinedBenefitPlanInterestCost,,,130000.000,130000.000,,130000.000,130000.000,111000.000,124000.000,124000.000,158000.000,140000.000,140000.000,144000.000,144000.000,144000.000,141000.000,120000.000,121000.000,124000.000,122000.000,116000.000
DefinedBenefitPlanNetPeriodicBenefitCost,,,,,,141000.000,141000.000,108000.000,130000.000,130000.000,31000.000,80000.000,81000.000,115000.000,115000.000,115000.000,140000.000,,1000.000,9000.000,,-9000.000
DefinedBenefitPlansEstimatedFutureEmployerContributionsInCurrentFiscalYear,,,,,,,,,,,,,,,,,,594000.000,,,,
DefinedBenefitPlansEstimatedFutureEmployerContributionsInNextFiscalYear,,,,,,1400000.000,,,,1400000.000,1500000.000,,,,,,,,,,,
Depreciation,,,,,,,,,,,,,,,,,,36000.000,,40000.000,,60000.000
DepreciationAndAmortization,,1031000.000,,,,902000.000,,,,783000.000,,,,606000.000,,,,444000.000,,,,336000.000
DiscontinuedOperationIncomeLossFromDiscontinuedOperationNetOfTaxPerBasicAndDilutedShare,,,,,,,,0.000,,,,,,,,,,,,,,
DisposalGroupIncludingDiscontinuedOperationCostsOfGoodsSold,,,,,,13000.000,-1000.000,2000.000,0.000,,,,,,,,,,,,,
DisposalGroupIncludingDiscontinuedOperationGeneralAndAdministrativeExpense,,,,,,2000.000,,-2000.000,,,,,,,,,,,,,,
DisposalGroupIncludingDiscontinuedOperationGrossProfitLoss,,,,,,-10000.000,1000.000,-2000.000,0.000,,,,,,,,,,,,,
DisposalGroupIncludingDiscontinuedOperationInterestExpense,,,,,,18000.000,,,,,,,,,,,,,,,,
DisposalGroupIncludingDiscontinuedOperationOperatingIncomeLoss,,,,,,-12000.000,1000.000,,,,,,,,,,,,,,,
DisposalGroupIncludingDiscontinuedOperationRevenue,,,,,,3000.000,,,,,,,,,,,,,,,,
EarningsPerShareBasicAndDiluted,-0.880,-0.350,0.130,0.010,0.120,-0.010,-0.030,0.160,-1.910,-0.150,-2.260,-0.250,-0.720,-0.400,-0.350,0.100,-0.410,-0.680,0.020,0.050,0.140,-0.760
EffectOfExchangeRateOnCashAndCashEquivalents,,,,,,,,,,,,,,,,,,10000.000,,,,
ForeignCurrencyTransactionGainBeforeTax,,,,,,,,,,,,,,,,,,-134000.000,-8000.000,47000.000,,
ForeignCurrencyTransactionGainLossBeforeTax,,,,,,,,,,,,,,,,,,-134000.000,-8000.000,47000.000,50000.000,-27000.000
GainLossOnSaleOfAccountsReceivable,,,,,,,-348000.000,,,,,,,,,,,,,,,
GainLossOnSaleOfPropertyPlantEquipment,,,,,,,,,,,,,,-2000.000,,,,,,,,
GainLossOnSalesOfAssetsAndAssetImpairmentCharges,,,,,,7000.000,,,,,,,,,,,,,,,,
GainsLossesOnExtinguishmentOfDebt,,4000.000,56000.000,,,,,,,,,,,,,,,,,462000.000,,
GeneralAndAdministrativeExpense,1950000.000,2601000.000,2380000.000,2112000.000,1823000.000,1911000.000,2120000.000,2044000.000,1997000.000,1749000.000,2686000.000,2187000.000,2542000.000,1751000.000,1880000.000,1643000.000,2315000.000,1838000.000,1527000.000,1865000.000,1394000.000,1436000.000
GrossProfit,463000.000,956000.000,1518000.000,1234000.000,713000.000,752000.000,1061000.000,1758000.000,1054000.000,1616000.000,685000.000,1844000.000,767000.000,1146000.000,1388000.000,1921000.000,982000.000,875000.000,1558000.000,1608000.000,1763000.000,349000.000
ImpairmentOfLongLivedAssetsToBeDisposedOf,,,,,,224000.000,,,,,,,,,,,,,,,,
IncomeLossFromContinuingOperations,-1926000.000,-1663000.000,739000.000,196000.000,-401000.000,-1326000.000,-724000.000,168000.000,-618000.000,-162000.000,-2504000.000,-407000.000,-1555000.000,681000.000,,,,1100000.000,,,,
IncomeLossFromContinuingOperationsBeforeIncomeTaxesMinorityInterestAndIncomeLossFromEquityMethodInvestments,-1919000.000,-1656000.000,746000.000,203000.000,-399000.000,-1318000.000,-716000.000,176000.000,-1012000.000,-156000.000,-2494000.000,-399000.000,-1550000.000,-673000.000,-582000.000,173000.000,-644000.000,-1117000.000,9000.000,147000.000,284000.000,-1255000.000
IncomeLossFromContinuingOperationsPerBasicAndDilutedShare,-0.790,-0.350,0.130,0.010,0.140,-0.050,-0.030,0.160,-2.480,-0.150,-2.260,-0.250,-0.720,,,,,,,,,
IncomeLossFromDiscontinuedOperationsNetOfTax,-224000.000,-7000.000,,,,1022000.000,1000.000,,,,,,,,,,,,,,,
IncomeLossFromDiscontinuedOperationsNetOfTaxPerBasicAndDilutedShare,-0.090,0.000,0.000,0.000,-0.020,0.040,0.000,,,,,,,,,,,,,,,
IncomeTaxExpenseBenefit,7000.000,7000.000,7000.000,7000.000,2000.000,8000.000,8000.000,8000.000,-394000.000,6000.000,10000.000,8000.000,5000.000,8000.000,,,,,-73000.000,7000.000,,
IncomeTaxesPaid,,0.000,,,,,,,,,,,,,,,,,,,,23000.000
IncreaseDecreaseInAccountsPayable,,,,,,,,,,,,,,,,,,-173000.000,,,,221000.000
IncreaseDecreaseInAccountsPayableAndAccruedLiabilities,,1335000.000,,,,95000.000,,,,471000.000,,,,418000.000,,,,,,,,
IncreaseDecreaseInAccountsReceivable,,-351000.000,,,,-106000.000,,,,855000.000,,,,-31000.000,,,,-182000.000,,,,-1002000.000
IncreaseDecreaseInAccruedLiabilities,,,,,,,,,,,,,,,,,,580000.000,,,,631000.000
IncreaseDecreaseInDeferredPensionCosts,,,,,,142000.000,,,,-251000.000,,,,193000.000,,,,254000.000,,,,
IncreaseDecreaseInInventories,,1000.000,,,,288000.000,,,,-165000.000,,,,373000.000,,,,368000.000,,,,264000.000
IncreaseDecreaseInOtherDeferredLiability,,,,,,,,,,,,,,,,,,,,,,-224000.000
IncreaseDecreaseInOtherOperatingLiabilities,,138000.000,,,,,,,,,,,,,,,,,,,,
IncreaseDecreaseInPrepaidDeferredExpenseAndOtherAssets,,-86000.000,,,,239000.000,,,,-79000.000,,,,230000.000,,,,106000.000,,,,49000.000
IncreaseDecreaseInRestructuringReserve,,,,,,50000.000,,,,,,,,,,,,,,,,
InterestExpense,416000.000,113000.000,74000.000,120000.000,-10000.000,41000.000,42000.000,15000.000,235000.000,70000.000,70000.000,49000.000,51000.000,50000.000,73000.000,87000.000,96000.000,35000.000,40000.000,131000.000,168000.000,174000.000
InterestIncomeExpenseNet,,,-74000.000,-120000.000,,-41000.000,-42000.000,,,,,,,,,,,,,,,
InterestPaid,,51000.000,,,,-38000.000,,,,7000.000,,,,6000.000,,,,2000.000,,,,127000.000
LineOfCreditFacilityUnusedCapacityCommitmentFeePercentage,,,,,,0.003,,,,,,,,,,,,,,,,
NetCashProvidedByUsedInDiscontinuedOperations,,,,,,-10000.000,,,,,,,,,,,,,,,,
NetCashProvidedByUsedInFinancingActivities,,-429000.000,,,,-314000.000,,,,-15000.000,,,,-10000.000,,,,-333000.000,,,,-566000.000
NetCashProvidedByUsedInFinancingActivitiesContinuingOperations,,-429000.000,,,,-314000.000,,,,-15000.000,,,,-10000.000,,,,-333000.000,,,,-566000.000
NetCashProvidedByUsedInInvestingActivities,,-287000.000,,,,-93000.000,,,,-20000.000,,,,-64000.000,,,,967000.000,,,,-118000.000
NetCashProvidedByUsedInInvestingActivitiesContinuingOperations,,-287000.000,,,,-93000.000,,,,-20000.000,,,,-64000.000,,,,967000.000,,,,-118000.000
NetCashProvidedByUsedInOperatingActivities,,297000.000,,,,-540000.000,,,,162000.000,,,,-403000.000,,,,-575000.000,,,,504000.000
NetCashProvidedByUsedInOperatingActivitiesContinuingOperations,,297000.000,,,,-540000.000,,,,162000.000,,,,-403000.000,,,,-575000.000,,,,504000.000
NetIncomeLoss,-2150000.000,-1670000.000,739000.000,196000.000,-630000.000,-304000.000,-723000.000,168000.000,-1010000.000,-162000.000,-2504000.000,-407000.000,-1555000.000,-681000.000,-582000.000,173000.000,-659000.000,-1117000.000,82000.000,140000.000,284000.000,-1255000.000
NetIncomeLossAvailableToCommonStockholdersBasic,,,,,,,,,,,,,,,,,,-1166000.000,32000.000,90000.000,235000.000,-1305000.000
NumberOfReportableSegments,,,,,,2.000,,,,2.000,,,,2.000,,,,2.000,,,,2.000
OperatingIncomeLoss,-1503000.000,-1655000.000,-1025000.000,-1056000.000,-1174000.000,-1209000.000,-1058000.000,-286000.000,-943000.000,-133000.000,-2001000.000,-343000.000,-1775000.000,-605000.000,-492000.000,278000.000,-1333000.000,-963000.000,31000.000,-257000.000,369000.000,-1087000.000
OtherComprehensiveIncomeForeignCurrencyTransactionAndTranslationGainLossArisingDuringPeriodNetOfTax,,,,,,,-109000.000,66000.000,,-126000.000,109000.000,-147000.000,-105000.000,-236000.000,39000.000,-161000.000,-90000.000,134000.000,15000.000,-38000.000,-55000.000,24000.000
OtherComprehensiveIncomeLossNetOfTax,,,,,,,-109000.000,66000.000,,-126000.000,109000.000,-147000.000,-2669000.000,-236000.000,39000.000,-161000.000,562000.000,134000.000,15000.000,-38000.000,-464000.000,24000.000
OtherComprehensiveIncomeLossPensionAndOtherPostretirementBenefitPlansAdjustmentNetOfTax,,,142000.000,141000.000,,,,,,,,,,,,,,,,,,
OtherComprehensiveIncomeOtherNetOfTax,,79000.000,-61000.000,110000.000,-541000.000,-85000.000,,,,,,,,,,,,,,,,
OtherNoncashExpense,,,,,,68000.000,,,,21000.000,21000.000,21000.000,87000.000,,,,,,,,,
OtherNoncashIncome,,,1800000.000,1400000.000,,,732000.000,296000.000,,,,,,,,,,,,,,
OtherNonoperatingIncomeExpense,,,,,,,,181000.000,,,,,,,,,,,,,,
PaymentsForMortgageDeposits,,,,,,,,,,,,,,,,,,329000.000,,,,
PaymentsOfFinancingCosts,,,,,,,,,,,,,,,,,,,,,,30000.000
PaymentsToAcquireOtherPropertyPlantAndEquipment,,239000.000,,,,,,,,19000.000,,,,61000.000,,,,8000.000,,,,
PaymentsToAcquirePropertyPlantAndEquipment,,48000.000,,,,93000.000,,,,1000.000,,,,3000.000,,,,125000.000,,,,118000.000
PensionContributions,,,,,,,,,,280000.000,,180000.000,,469000.000,,,,197000.000,,,,
PreferredStockAmountOfPreferredDividendsInArrears,,,,,,,,,,,,,,,,,,-49000.000,-50000.000,-50000.000,193000.000,93000.000
ProceedsFromIssuanceOfLongTermDebt,,,,,,,,,,,,,,,,,,,,,,600000.000
ProceedsFromIssuanceOfPrivatePlacement,,,,,,,,,,650000.000,,,,,,,,,,,,
ProvisionForDoubtfulAccounts,,,,,,,,,,,,,,,,,,,,,,75000.000
RealEstateRevenueNet,24000.000,18000.000,13000.000,5000.000,,,,,,,,,,,,,,,,,,
RelatedPartyTransactionPurchasesFromRelatedParty,,,,,,,,,,,,,,,,,,,,,,328000.000
RepaymentsOfLinesOfCredit,,,,,,700000.000,,,,,,,,,,,,,,,,
RepaymentsOfLongTermDebt,,429000.000,,,,314000.000,,,,15000.000,,,,10000.000,,,,333000.000,,,,1136000.000
RestructuringCharges,16000.000,10000.000,163000.000,178000.000,64000.000,50000.000,-1000.000,,,,,,,,,,,,,,,
RestructuringCosts,16000.000,,,,,,,,,,,,,,,,,,,,,
RestructuringReserveAccrualAdjustment,,,,,,93000.000,,,,,,,,,,,,,,,,
Revenues,7117000.000,5623000.000,6849000.000,5926000.000,4623000.000,4096000.000,4787000.000,6204000.000,5820000.000,6464000.000,5901000.000,6123000.000,5871000.000,4354000.000,6044000.000,8162000.000,5007000.000,3837000.000,5774000.000,5855000.000,5725000.000,3077000.000
SaleLeasebackTransactionAnnualRentalPayments,,,,,,,,,,,,,,,,,,158000.000,,,,
SaleLeasebackTransactionCurrentPeriodGainRecognized,,,,,,,,,,,,,,,,,,22000.000,33000.000,33000.000,33000.000,33000.000
SaleLeasebackTransactionGrossProceedsInvestingActivities,,,,,,,,,,,,,,,,,,1100000.000,,,,
SaleLeasebackTransactionNetProceedsInvestingActivities,,,,,,,,,,,,,,,,,,661000.000,,,,
SalesRevenueNet,5185000.000,3837000.000,5014000.000,4250000.000,2964000.000,2451000.000,3287000.000,4607000.000,4262000.000,5209000.000,4569000.000,4861000.000,4840000.000,3406000.000,5114000.000,7289000.000,4185000.000,3000000.000,4998000.000,5135000.000,5005000.000,2580000.000
SalesRevenueServicesNet,1908000.000,1768000.000,1822000.000,1671000.000,1695000.000,1645000.000,1500000.000,1597000.000,1558000.000,1255000.000,1332000.000,1262000.000,1031000.000,948000.000,930000.000,873000.000,822000.000,837000.000,776000.000,720000.000,720000.000,497000.000
ShareBasedCompensation,,4000.000,,,,,,,,,,,,,,,,,,,,
ShareBasedCompensationArrangementByShareBasedPaymentAwardOptionsForfeituresAndExpirationsInPeriod,,,,,,5000.000,,,,,,,,,,,,,,,,
ShareBasedCompensationArrangementsByShareBasedPaymentAwardOptionsExpirationsInPeriodWeightedAverageExercisePrice,,,,,,7.000,,,,,,,,,,,,,,,,
UnrealizedGainLossOnForeignCurrencyDerivativesNetBeforeTax,,79000.000,-61000.000,110000.000,-32000.000,-85000.000,,,,,,,,,,,,,,,,
WeightedAverageNumberOfShareOutstandingBasicAndDiluted,,,,,,25512000.000,25512000.000,1023000.000,-51005000.000,1051000.000,1109.000,1642000.000,-1323109.000,1700000.000,1685000.000,1673000.000,-3384000.000,1711000.000,1711000.000,1711000.000,-3422000.000,1711000.000
