,2011-06-30,2011-09-30,2011-12-31,2012-03-31,2012-06-30,2012-09-30,2012-12-31,2013-03-31,2013-06-30,2013-09-30,2013-12-31,2014-03-31,2014-06-30,2014-09-30,2014-12-31,2015-03-31,2015-06-30,2015-09-30
AccretionExpense,,,,,,,,,,,,,,,,,69000.000,
AllocatedShareBasedCompensationExpenseNetOfTax,,,,,147000.000,122000.000,84000.000,93000.000,109000.000,108000.000,104000.000,103000.000,198000.000,179000.000,158000.000,164000.000,149000.000,143000.000
AntidilutiveSecuritiesExcludedFromComputationOfEarningsPerShareAmount,,,,,748000.000,732000.000,727000.000,,433000.000,109500.000,99000.000,,,207500.000,419500.000,,208000.000,50000.000
CashAndCashEquivalentsPeriodIncreaseDecrease,4069000.000,,,,-8902000.000,,,,68000.000,,,,2888000.000,,,,1322000.000,
ConcentrationRiskPercentage1,,,,,,,,,,0.100,,,,,,,,
CostOfGoodsAndServicesSold,10864000.000,9921000.000,11644000.000,17299000.000,8902000.000,13592000.000,11540000.000,13109000.000,12763000.000,10051000.000,14189000.000,17799000.000,12353000.000,10686000.000,13395000.000,18484000.000,10769000.000,14250000.000
DefinedContributionPlanCostRecognized,,,,,175000.000,235000.000,222000.000,109000.000,282000.000,244000.000,234000.000,64000.000,203000.000,208000.000,185000.000,153000.000,201000.000,204000.000
Depreciation,,,,,338000.000,345000.000,350000.000,359000.000,,,,,,,,,,
DepreciationAmortizationAndAccretionNet,,,,,,,,,331000.000,339000.000,328000.000,,349000.000,383000.000,309000.000,328000.000,327000.000,339000.000
DepreciationDepletionAndAmortization,376000.000,,,,364000.000,,,,389000.000,,,,587000.000,,,,394000.000,
EarningsPerShareBasic,0.060,0.120,0.110,0.110,-0.090,0.210,0.180,0.130,0.140,-0.020,0.170,0.290,-0.020,0.070,0.920,0.550,0.240,0.300
EarningsPerShareDiluted,0.060,0.120,0.110,0.100,-0.090,0.210,0.180,0.130,0.140,-0.020,0.170,0.290,-0.020,0.060,0.910,0.550,0.240,0.290
EmployeeServiceShareBasedCompensationCashReceivedFromExerciseOfStockOptions,,,,,1000.000,,,,334000.000,,,,,,,,,
EntityWideRevenueMajorCustomerPercentage,,,,,,0.100,0.100,,,,,,,,,,,
EnvironmentalRemediationExpense,,,,,239000.000,,,,324000.000,,,,262000.000,,,,129000.000,
GrossProfit,7384000.000,7959000.000,7955000.000,11916000.000,5511000.000,9829000.000,8630000.000,8843000.000,6805000.000,5413000.000,8439000.000,10474000.000,5566000.000,6985000.000,9844000.000,12469000.000,9026000.000,9647000.000
IncomeLossFromContinuingOperationsBeforeIncomeTaxesExtraordinaryItemsNoncontrollingInterest,,,,,,,,,,,,,,,,,3807000.000,4387000.000
IncomeLossFromContinuingOperationsBeforeIncomeTaxesMinorityInterestAndIncomeLossFromEquityMethodInvestments,1031000.000,1923000.000,1826000.000,1737000.000,-1428000.000,3515000.000,2948000.000,2835000.000,2214000.000,-350000.000,2694000.000,4393000.000,-257000.000,1016000.000,6387000.000,7338000.000,,
IncomeTaxExpenseBenefit,433000.000,808000.000,767000.000,733000.000,-600000.000,1476000.000,1239000.000,1679000.000,841000.000,-133000.000,1024000.000,1578000.000,-95000.000,376000.000,-2657000.000,1953000.000,1421000.000,1464000.000
IncomeTaxReconciliationTaxCreditsResearch,,,,,,,,,,,,,,,,,0.000,
IncomeTaxesPaid,40000.000,,,,98000.000,,,,751000.000,,,,24000.000,,,,2841000.000,
IncreaseDecreaseInAccountsAndOtherReceivables,,,,,,,,,,,,,-5897000.000,,,,-7254000.000,
IncreaseDecreaseInAccountsPayable,1940000.000,,,,1992000.000,,,,1606000.000,,,,-1590000.000,,,,407000.000,
IncreaseDecreaseInAccruedIncomeTaxesPayable,1000.000,,,,-199000.000,,,,-526000.000,,,,-358000.000,,,,-1921000.000,
IncreaseDecreaseInAccruedSalaries,250000.000,,,,-306000.000,,,,-898000.000,,,,-771000.000,,,,-1041000.000,
IncreaseDecreaseInDeferredIncomeTaxes,-393000.000,,,,500000.000,,,,-618000.000,,,,-353000.000,,,,-494000.000,
IncreaseDecreaseInInventories,2582000.000,,,,5990000.000,,,,3061000.000,,,,1064000.000,,,,6355000.000,
IncreaseDecreaseInOtherOperatingAssets,2000.000,,,,43000.000,,,,402000.000,,,,195000.000,,,,432000.000,
IncreaseDecreaseInOtherOperatingLiabilities,-1098000.000,,,,-362000.000,,,,-1539000.000,,,,-392000.000,,,,-397000.000,
IncreaseDecreaseInPrepaidTaxes,,,,,,,,,,,,,114000.000,,,,-51000.000,
IncrementalCommonSharesAttributableToShareBasedPaymentArrangements,,,,,,41000.000,74000.000,,99000.000,,130000.000,,,196000.000,147000.000,,168000.000,301000.000
InterestExpense,134000.000,102000.000,80000.000,80000.000,173000.000,19000.000,17000.000,18000.000,18000.000,15000.000,8000.000,8000.000,8000.000,8000.000,8000.000,8000.000,8000.000,8000.000
InterestPaid,112000.000,,,,51000.000,,,,9000.000,,,,6000.000,,,,6000.000,
LineOfCreditFacilityPeriodicPayment,,,,,821000.000,,,,821000.000,,,,,,,,,
LineOfCreditFacilityUnusedCapacityCommitmentFeePercentage,,,,,0.004,,,,0.004,,,,,,,,,
NetCashProvidedByUsedInFinancingActivities,-627000.000,,,,-10678000.000,,,,334000.000,,,,332000.000,,,,279000.000,
NetCashProvidedByUsedInFinancingActivitiesContinuingOperations,-627000.000,,,,-10678000.000,,,,334000.000,,,,332000.000,,,,279000.000,
NetCashProvidedByUsedInInvestingActivities,-1180000.000,,,,-32000.000,,,,-307000.000,,,,-99000.000,,,,-134000.000,
NetCashProvidedByUsedInInvestingActivitiesContinuingOperations,-1180000.000,,,,-32000.000,,,,-307000.000,,,,-99000.000,,,,-134000.000,
NetCashProvidedByUsedInOperatingActivities,5876000.000,,,,1808000.000,,,,41000.000,,,,2655000.000,,,,1177000.000,
NetCashProvidedByUsedInOperatingActivitiesContinuingOperations,5876000.000,,,,1808000.000,,,,41000.000,,,,2655000.000,,,,1177000.000,
NetIncomeLoss,598000.000,1115000.000,1059000.000,1004000.000,-828000.000,2039000.000,1709000.000,1156000.000,1373000.000,-217000.000,1670000.000,2815000.000,-162000.000,640000.000,9044000.000,5385000.000,2386000.000,2923000.000
OperatingIncomeLoss,1195000.000,2045000.000,1945000.000,1837000.000,-1230000.000,3555000.000,2987000.000,2878000.000,2253000.000,-305000.000,2725000.000,4416000.000,-220000.000,1057000.000,5195000.000,6873000.000,3883000.000,4421000.000
OtherIncreaseDecreaseInEnvironmentalLiabilities,,,,,,,,,1207000.000,,,,412000.000,,,,,
OtherNonoperatingIncomeExpense,-30000.000,-20000.000,-39000.000,-20000.000,-25000.000,-21000.000,-22000.000,-25000.000,-21000.000,-30000.000,-23000.000,-15000.000,-29000.000,-33000.000,1200000.000,473000.000,-68000.000,-26000.000
PaymentsToAcquireProductiveAssets,713000.000,,,,32000.000,,,,282000.000,,,,99000.000,,,,134000.000,
ProceedsFromStockOptionsExercised,194000.000,,,,1000.000,,,,334000.000,,,,332000.000,,,,279000.000,
ProvisionForDoubtfulAccounts,13000.000,,,,4000.000,,,,4000.000,,,,4000.000,,,,31000.000,
RepaymentsOfLongTermDebt,821000.000,,,,10679000.000,,,,,,,,,,,,,
ResearchAndDevelopmentAssetAcquiredOtherThanThroughBusinessCombinationWrittenOff,,,,,,,,,,,,,67000.000,,,,,
Revenues,18248000.000,17880000.000,19599000.000,29215000.000,14413000.000,23421000.000,20170000.000,21952000.000,19568000.000,15464000.000,22628000.000,28273000.000,17919000.000,17671000.000,23239000.000,30953000.000,19795000.000,23897000.000
SalesRevenueNet,18248000.000,17880000.000,19599000.000,29215000.000,14413000.000,23421000.000,20170000.000,21952000.000,19568000.000,15464000.000,22628000.000,28273000.000,17919000.000,17671000.000,23239000.000,30953000.000,19795000.000,23897000.000
SellingGeneralAndAdministrativeExpense,3904000.000,3851000.000,3883000.000,4023000.000,3272000.000,3763000.000,3910000.000,4301000.000,2733000.000,3808000.000,3198000.000,4141000.000,3961000.000,3707000.000,3578000.000,4106000.000,3316000.000,3311000.000
ShareBasedCompensation,136000.000,,,,253000.000,,,,175000.000,,,,315000.000,,,,237000.000,
ShareBasedCompensationArrangementByShareBasedPaymentAwardEquityInstrumentsOtherThanOptionsForfeitedInPeriod,,,,,,,,,,,,,,,,,1712.000,
ShareBasedCompensationArrangementByShareBasedPaymentAwardEquityInstrumentsOtherThanOptionsForfeituresWeightedAverageGrantDateFairValue,,,,,,,,,,,,,,,,,10.070,
ShareBasedCompensationArrangementByShareBasedPaymentAwardEquityInstrumentsOtherThanOptionsGrantsInPeriod,,,,,,,,,11714.000,,,,10194.000,,,,13122.000,
ShareBasedCompensationArrangementByShareBasedPaymentAwardEquityInstrumentsOtherThanOptionsGrantsInPeriodWeightedAverageGrantDateFairValue,,,,,,,,,8.350,,,,9.940,,,,10.410,
ShareBasedCompensationArrangementByShareBasedPaymentAwardEquityInstrumentsOtherThanOptionsVestedInPeriod,,,,,1238.000,,,,,,,,6075.000,,,,4948.000,
ShareBasedCompensationArrangementByShareBasedPaymentAwardEquityInstrumentsOtherThanOptionsVestedInPeriodWeightedAverageGrantDateFairValue,,,,,11.240,,,,,,,,8.630,,,,8.890,
ShareBasedCompensationArrangementByShareBasedPaymentAwardOptionsExercisesInPeriodTotalIntrinsicValue,,,,,35000.000,,,,91000.000,,,,146000.000,,,,75000.000,
ShareBasedCompensationArrangementByShareBasedPaymentAwardOptionsExpirationsInPeriod,,,,,8334.000,,,,108667.000,,,,4000.000,,,,36000.000,
ShareBasedCompensationArrangementByShareBasedPaymentAwardOptionsForfeituresAndExpirationsInPeriodWeightedAverageExercisePrice,,,,,6.890,,,,9.080,,,,8.800,,,,8.610,
ShareBasedCompensationArrangementByShareBasedPaymentAwardOptionsGrantsInPeriodGross,,,,,400000.000,,,,158000.000,,,,200000.000,,,,70000.000,
ShareBasedCompensationArrangementsByShareBasedPaymentAwardOptionsExercisesInPeriodWeightedAverageExercisePrice,,,,,6.400,,,,6.800,,,,8.610,,,,8.070,
ShareBasedCompensationArrangementsByShareBasedPaymentAwardOptionsGrantsInPeriodWeightedAverageExercisePrice,,,,,8.100,,,,8.580,,,,12.780,,,,10.410,
StandardProductWarrantyAccrualPayments,,,,,92000.000,,,,45000.000,,,,49000.000,,,,39000.000,
StandardProductWarrantyAccrualPreexistingIncreaseDecrease,,,,,-9000.000,,,,,,,,,,,,-49000.000,
StandardProductWarrantyAccrualWarrantiesIssued,,,,,128000.000,,,,19000.000,,,,68000.000,,,,39000.000,
StockIssuedDuringPeriodSharesStockOptionsExercised,,,,,19082.000,,,,49167.000,,,,38500.000,,,,34500.000,
TreasuryStockSharesAcquired,,,,,14739.000,,,,,,,,,,,,,
WeightedAverageNumberOfDilutedSharesOutstanding,9564000.000,9628000.000,9598000.000,-19197000.000,9493000.000,9540000.000,9592000.000,-19052000.000,9667000.000,9644000.000,9797000.000,-19351000.000,9715000.000,9962000.000,9963000.000,-19694000.000,10010000.000,10177000.000
WeightedAverageNumberOfSharesOutstandingBasic,9445000.000,9470000.000,9489000.000,-18931000.000,9493000.000,9499000.000,9518000.000,-18999000.000,9568000.000,9644000.000,9667000.000,-19236000.000,9715000.000,9766000.000,9816000.000,-19519000.000,9842000.000,9876000.000
